2081 3569
895 297 968 335 123

81 422 352 480 Iliensibus,
399 421 530 483 quasi
583 422 818 468 llomanae
866 419 1017 481 gentis
1051 420 1340 476 auctoribus,
1387 420 1557 467 tributa
1595 419 1635 466 in
1676 433 1774 481 pcr-

81 512 267 568 petunm
603 503 791 551 recitata
863 511 1017 550 vctcrc
1084 502 1282 564 epistula
1344 502 1526 549 Graeca
1590 508 1780 549 senatus

80 588 328 651 populique
379 589 429 634 ll.
473 587 666 634 Selcuco
703 586 797 647 regi
835 585 1081 632 amicitiam
1120 593 1163 632 ct
1198 584 1461 632 societatem
1500 585 1559 632 ita
1596 584 1777 631 demum

79 670 362 733 pollicentis,
425 670 462 716 si
527 667 896 729 consanguineos
954 682 1063 713 suos
1116 666 1309 714 Ilienses
1360 667 1418 714 ab
1470 667 1588 714 omni
1643 681 1780 714 onere

80 753 308 802 immunes
343 751 659 816 praestitisset.

139 856 219 893 Tae.
250 857 354 893 sinn.
385 854 468 892 XII
496 856 562 891 5⁸.
621 852 665 890 D.
696 851 809 890 Iunio
839 852 882 898 Q.
913 850 1073 904 Ha-terio
1102 851 1330 889 consulibus
1359 852 1406 899 (a.
1423 852 1586 899 806ᾗῦ3)
1604 874 1656 878 —
1676 851 1780 890 Nero

80 926 286 965 Octaviam
314 947 367 952 —
395 925 435 963 in
458 922 749 962 matrimonium
774 921 937 970 aceepit.
967 920 1098 970 thue
1119 921 1262 959 studiis
1280 922 1455 960 honestis
1475 926 1515 960 et
1534 923 1780 973 eloquentiae

79 997 203 1047 gloria
240 996 495 1042 enitesceret,
534 1006 651 1033 causa
689 991 894 1031 Iliensium
935 995 1119 1041 suscepta
1157 992 1376 1030 Romanum
1414 992 1527 1031 Troia
1564 993 1779 1031 demissum

79 1073 120 1107 et
159 1067 284 1106 Iuliae
329 1066 465 1117 stirpis
505 1070 706 1104 auctorem
745 1065 919 1102 Aeneam
957 1063 1112 1113 aliaque
1150 1064 1255 1101 haud
1292 1065 1429 1114 procul
1468 1065 1611 1103 fabulis
1649 1069 1780 1102 vetera

337 504 532 561 remisit,

79 1139 250 1179 facunde
270 1142 485 1185 executus,
514 1140 738 1187 perpetrat,
769 1139 811 1173 ut
841 1133 1009 1172 Ilienses
1037 1134 1143 1172 omni
1165 1135 1322 1185 publico
1343 1148 1506 1174 munere
1527 1136 1782 1174 solverentur.

78 1266 218 1306 (Jratias
254 1266 291 1297 in
323 1269 450 1297 senatu
483 1266 566 1305 eqit.
602 1264 709 1304 Apud
741 1263 895 1295 eundem

77 1323 257 1354 consulem
288 1339 331 1343 —
362 1322 467 1353 verba
499 1321 582 1362 fecit
606 1321 710 1352 aliam
743 1319 894 1360 explica-

80 1379 211 1411 tionem
246 1380 299 1410 vix
332 1379 528 1410 admittunt
567 1378 631 1409 nisi
663 1378 769 1409 lianc:
803 1376 894 1409 Nero

79 1436 171 1477 apud
215 1435 402 1468 Claudium
446 1436 625 1467 consulein
670 1433 715 1473 (a.
759 1432 894 1473 804151)

81 1493 372 1525 Bononiensium.
429 1492 661 1530 Rhodiorum,
713 1490 892 1521 Iliensium

79 1559 202 1582 causas
245 1550 326 1589 essit.
373 1549 497 1581 Utrum
539 1548 707 1579 erravisse
744 1547 892 1578 iudicem

81 1606 223 1645 haereo,
260 1615 318 1645 pro
349 1604 517 1636 Suetonio
550 1609 668 1636 tamen
695 1604 777 1635 facit
801 1603 891 1644 qnod

80 1661 257 1694 Neronem
281 1662 387 1693 etiam
403 1661 618 1702 praefectum
635 1660 710 1691 urbi
725 1660 893 1691 feriarum

80 1718 283 1750 Latinarum
305 1728 409 1750 causa
431 1721 512 1749 ante
535 1716 798 1748 matrimonium
813 1724 893 1746 cnm

79 1774 223 1807 Octavia
254 1775 382 1807 initum
416 1775 522 1806 fuisso
555 1774 655 1813 dicit,
688 1773 728 1804 de
762 1782 833 1813 qua
858 1782 893 1802 re

79 1834 173 1863 tacet
195 1831 353 1865 Tacitus.
379 1831 427 1862 ita
453 1834 491 1862 ut
517 1831 550 1861 in
577 1829 779 1861 universum
804 1827 893 1859 Sne-

79 1887 215 1919 toniuui
251 1887 358 1918 vitam
389 1886 536 1918 Neronis
561 1885 760 1917 accuratius
785 1884 892 1915 tradi—

80 1944 169 1976 disse
205 1943 326 1984 negari
361 1947 523 1984 nequeat.
559 1941 684 1981 (Hiller
720 1951 748 1972 v.
784 1941 893 1972 Gaer-

79 2001 219 2041 tringen
243 2001 264 2032 l.
291 2001 311 2032 1.
337 1999 545 2032 Suetonium
565 1998 751 2040 sequitur).
777 1997 893 2028 Minus

80 2059 172 2088 recte
205 2055 387 2087 Lehmann
419 2056 456 2095 (l.
490 2056 511 2087 1.
545 2065 574 2096 p.
606 2053 681 2085 348.
713 2051 788 2084 358.
813 2051 892 2091 367)

78 2114 265 2144 auctorum
301 2112 519 2144 narrationes
549 2111 597 2142 ita
621 2109 891 2149 contaminavit,

82 2172 121 2200 ut
145 2168 318 2200 Neronem
345 2178 374 2200 a.
398 2166 515 2209 804151
547 2167 836 2205 Bononiensium,
863 2176 891 2197 a.

78 2222 200 2265 805l52
232 2224 466 2258 Rhodiorum.
499 2234 528 2255 a.
561 2222 683 2263 806s53
713 2222 891 2254 Iliensium

79 2290 219 2312 causam
255 2281 446 2322 suscepisse
480 2280 589 2320 dicat,
627 2289 707 2310 nam
743 2282 892 2319 uterque

79 2340 202 2369 auctor
235 2337 271 2368 in
307 2337 371 2369 hoc
406 2336 601 2376 consentit,
640 2335 733 2376 quod
769 2344 892 2366 omnes

79 2401 203 2424 causas
227 2402 297 2424 uuo
316 2393 511 2434 eodemque
533 2402 624 2424 anno
638 2394 804 2423 tractatas
817 2400 892 2422 esse

80 2451 210 2480 narrat.

127 2504 336 2545 Iliensibus,
391 2505 496 2545 quasi
546 2504 732 2536 Romanae
776 2503 893 2543 flentis

79 2560 296 2593 auctoribus.
335 2560 516 2592 diiudicari
551 2561 620 2592 iam
657 2570 725 2591 non
763 2563 893 2600 potest,

81 2620 202 2648 utrum
237 2615 429 2649 Suetonius
458 2626 538 2648 voce
570 2618 674 2657 quasi
701 2615 805 2647 sidem
832 2625 893 2647 nc·

80 2673 214 2715 gaverit
257 2672 436 2704 traditioni
473 2673 653 2713 vulgatae,
698 2672 892 2704 secundnm

81 2740 189 2771 quam
215 2729 362 2761 Romani
384 2738 403 2760 a
426 2729 584 2761 Troianis
607 2729 673 2760 orti
691 2731 824 2769 essent,
847 2738 892 2759 an

80 2796 160 2818 cuin
193 2784 363 2817 Strabone
395 2784 489 2823 (xlll
515 2795 545 2825 p.
569 2784 650 2825 ool)
675 2785 893 2816 Demetrium

80 2841 260 2883 Scepsium
285 2845 427 2873 secutus
451 2851 520 2873 non
545 2841 730 2873 crediderit
751 2841 894 2872 Ilienses

82 2899 102 2930 i.
127 2908 156 2930 e.
179 2898 310 2930 incolas
334 2897 412 2928 novi
438 2897 489 2928 llii
510 2897 680 2938 originem
702 2908 721 2929 a
737 2898 894 2929 Troianis

81 2954 239 2995 duxisse,
271 2954 302 2986 id
336 2954 428 2995 quod
459 2958 495 2985 et
519 2954 582 2994 ipsi
608 2954 750 2986 Ilienses
776 2955 892 2995 perbi-

81 3010 235 3042 buerunt
258 3015 294 3042 et
316 3010 499 3050 scriptores
525 3010 670 3041 Romani
695 3020 817 3042 omnes
833 3009 892 3049 (cf.

82 3067 308 3098 Friedlander
331 3065 362 3097 S.
383 3065 421 3097 G.
449 3064 495 3096 11⁵
517 3064 598 3105 118)
616 3067 848 3098 crediderunt.

127 3123 264 3155 tributa
289 3124 328 3155 in
350 3126 574 3163 perpetuum.
603 3122 744 3153 ilienses
763 3123 892 3153 immu-

82 3179 231 3211 nitatem
255 3189 275 3211 a
298 3178 444 3211 Caesare
467 3178 636 3210 dictatore
650 3177 892 3210 confirmatam

84 3235 277 3276 habebant,
302 3235 344 3267 cs.
369 3235 493 3266 Strabo
517 3234 594 3266 Xlll
620 3233 658 3274 1,
682 3233 723 3265 27
750 3244 779 3274 p.
810 3232 891 3265 595:

83 3287 206 3333 χώραν
245 3301 279 3322 τε
313 3288 539 3332 προσένειμεν
571 3287 688 3327 αὐτοῖς
731 3287 791 3322 καὶ
832 3286 892 3332 τὴν

966 1258 1170 1301 ἐλευθερίαν
1193 1259 1254 1292 καὶ
1279 1259 1340 1303 τὴν
1363 1259 1646 1303 ἀλειτουργησίαν
1663 1258 1780 1296 αὐτοῖς

967 1315 1203 1359 συνεφύλαξε,
1234 1316 1295 1349 καὶ
1325 1315 1428 1359 μέχρι
1461 1320 1523 1349 νῦν
1547 1314 1780 1358 συμμένουσιν

967 1372 1003 1405 ἐν
1048 1373 1190 1410 τούτοις.
1235 1376 1321 1407 Plin.
1361 1376 1398 1407 H.
1435 1375 1475 1407 N.
1512 1375 1551 1416 5,
1592 1375 1650 1414 230,
1697 1373 1779 1406 <1241

971 1431 1075 1463 Ilium
1110 1433 1281 1464 immune.
1320 1432 1416 1470 Quod
1455 1431 1673 1472 privilegium
1711 1431 1779 1462 iam

967 1493 999 1519 et
1025 1488 1274 1520 confirmatum
1299 1493 1334 1520 et
1359 1489 1548 1521 adauctum
1574 1498 1648 1519 esse
1674 1498 1778 1528 appa-

968 1548 1038 1584 ret,
1074 1544 1116 1576 cf.
1148 1545 1225 1576 Tac.
1259 1545 1347 1576 Ann.
1380 1545 1442 1577 XII
1475 1544 1534 1577 58:
1571 1549 1610 1576 ut
1636 1545 1780 1577 Ilienses

966 1602 1065 1632 οιιιηί
1098 1601 1238 1641 publico
1266 1612 1414 1634 muner-e
1437 1602 1667 1633 solverentur.
1700 1600 1778 1632 Cal-

967 1656 1124 1688 listratus
1150 1657 1334 1699 Dig.27‚1,
1360 1657 1400 1689 17
1426 1656 1442 1698 ἓ
1467 1657 1505 1689 1;
1535 1658 1722 1690 Iliensibus
1746 1662 1779 1689 et

965 1718 1114 1754 propter
1155 1714 1321 1746 inclitam
1364 1715 1589 1747 nobilitatem
1623 1715 1779 1746 civitatis

966 1773 999 1801 et
1027 1774 1176 1810 propter
1207 1771 1492 1802 coniunctionem
1525 1771 1680 1810 oriqinis
1708 1770 1778 1801 Ro-

966 1836 1097 1858 manae
1129 1827 1204 1857 iam
1235 1827 1440 1867 antiquitus
1473 1831 1505 1858 et
1529 1831 1672 1858 senatus
1696 1836 1777 1857 con—

965 1883 1069 1913 sultis
1093 1887 1125 1913 el
1146 1883 1461 1915 constitu-tionibus
1473 1883 1686 1923 principum
1703 1884 1778 1923 ple-

967 1939 1121 1969 nissima
1147 1939 1360 1970 immanitas
1375 1939 1511 1970 tributa
1525 1943 1592 1979 est,
1618 1940 1779 1971 ucetiam

967 1996 1096 2027 tutelae
1137 1997 1404 2028 &cusationem
1440 1997 1609 2036 habeant,
1646 1995 1780 2027 scilicet

964 2062 1089 2083 eorum
1100 2053 1344 2093 pupillorum,
1366 2053 1429 2094 qni
1445 2053 1588 2084 Ilienses
1603 2062 1671 2083 non
1685 2052 1756 2082 sim
1768 2061 1779 2089 ,-

967 2110 1074 2150 idque
1105 2111 1208 2141 divus
1241 2109 1331 2140 Pius
1356 2110 1548 2149 rescripsit.
1583 2108 1778 2140 Mommsen

965 2165 1045 2197 StR.
1071 2166 1116 2197 lll
1140 2165 1205 2197 682
1229 2165 1255 2196 A
1280 2164 1310 2196 3.

1011 2223 1160 2254 remisit.
1194 2227 1334 2254 auctore
1359 2222 1505 2253 Claudio
1529 2225 1672 2253 senatus
1696 2231 1778 2252 con-

966 2281 1100 2311 sultum
1145 2279 1278 2310 sactum
1319 2282 1381 2310 est.
1426 2278 1552 2310 Eodem
1589 2287 1681 2309 anuo
1718 2277 1780 2308 lioc

967 2337 1118 2377 factum,
1143 2346 1212 2376 qno
1237 2335 1380 2366 Rhodiis
1404 2334 1547 2366 libertas
1561 2333 1696 2365 reddita
1709 2336 1780 2372 est,

967 2402 1038 2434 qua
1061 2393 1103 2424 de
1127 2402 1163 2423 re
1187 2392 1229 2423 cf.
1254 2401 1368 2432 supra.

1010 2453 1154 2481 senatus
1186 2449 1382 2489 populique
1412 2447 1453 2479 R.
1483 2447 1531 2478 sic
1563 2457 1666 2477 usum
1696 2456 1779 2477 suae

967 2506 1093 2537 aetatis
1110 2508 1251 2536 secutus
1269 2504 1458 2535 Suetonius
1474 2503 1625 2543 scripsit,
1651 2512 1778 2543 quam-

967 2572 1074 2603 quam
1117 2562 1252 2603 proprie
1294 2560 1516 2592 scribendum
1554 2559 1621 2590 suit
1654 2558 1778 2598 populi

967 2622 1180 2659 senatusque
1203 2618 1378 2656 Romani,
1411 2618 1453 2649 cf.
1478 2615 1673 2647 Mommsen
1698 2614 1778 2646 StR.

968 2674 1014 2705 111
1039 2673 1126 2705 ‘1255
1151 2673 1178 2704 A
1203 2673 1234 2704 2.

1011 2729 1163 2761 Seleuco.
1199 2733 1237 2760 ut
1268 2729 1454 2760 verisimile
1485 2732 1539 2759 cst
1570 2727 1716 2759 Seleuco
1750 2726 1778 2757 ll

967 2785 1150 2826 Callinico,
1193 2785 1254 2826 qui
1300 2785 1454 2825 regnarit
1491 2784 1535 2815 ab
1569 2794 1598 2814 a.
1635 2781 1779 2822 508s2'u3

970 2854 1080 2885 usque
1111 2843 1153 2874 ad
1184 2852 1214 2874 a.
1240 2841 1402 2881 {esse-26,
1428 2841 1469 2872 cf.
1497 2840 1670 2880 Droysen,
1697 2839 1777 2870 llel-

967 2900 1137 2932 lenismus
1162 2899 1207 2930 ΙΙΙ
1231 2898 1262 2939 1,
1286 2897 1350 2929 387
1377 2898 1402 2928 Α
1428 2896 1457 2928 1.
1486 2895 1602 2936 Polyb.
1628 2895 1655 2926 V
1680 2894 1776 2935 78‚‹5.

1013 2955 1058 2997 [p.
1094 2955 1173 2996 124]
1214 2955 1379 2986 Judneos.
1419 2953 1515 2984 initio
1554 2953 1689 2993 imperii
1725 2953 1779 2984 sui

967 3012 1134 3044 Claudius
1165 3012 1274 3042 vetnit
1309 3020 1351 3041 ne
1375 3009 1498 3041 Judaei
1522 3010 1556 3041 in
1581 3018 1777 3050 synagogas

966 3078 1047 3100 suas
1077 3069 1228 3108 coirent,
1261 3067 1302 3099 ef.
1336 3066 1397 3097 Dio
1429 3065 1490 3107 60,
1513 3065 1552 3106 6,
1576 3065 1615 3098 6:
1640 3063 1718 3100 τούς
1743 3076 1777 3096 τε

963 3120 1154 3157 Ἰουδαίους
1166 3119 1419 3157 πλεονάσαντας
1432 3119 1553 3161 αὖθις,
1576 3120 1665 3154 ὥστε
1678 3119 1779 3164 χαλε·

964 3180 1042 3214 πῶς
1063 3176 1104 3210 ἄν
1121 3177 1203 3209 ἄνευ
1222 3180 1374 3219 ταραχῆς
1394 3175 1460 3209 ὑπὸ
1478 3181 1537 3210 τοῦ
1555 3176 1661 3220 ὄχλου
1675 3181 1779 3220 σφῶν

967 3237 1026 3276 τῆς
1049 3233 1184 3269 πόλεως
1208 3232 1410 3275 εἱρχθῆναι,
1435 3231 1502 3265 οὐκ
1529 3231 1675 3276 ἐξήλασε
1697 3231 1779 3274 μέν,

967 3293 1016 3332 τῷ
1041 3287 1079 3322 δὲ
1103 3288 1146 3332 δὴ
1167 3288 1303 3331 πατρίῳ
1319 3288 1388 3332 βίῳ
1400 3288 1606 3332 χρωμένους
1619 3287 1778 3322 ἐκέλευσε

1897 415 1947 464 C.
