2138 3486
66 433 81 446 ,‚
120 402 190 446 29.

1128 275 1202 312 150

315 397 482 444 sularis
518 397 602 444 viri
639 397 928 444 renuntiante
959 397 1223 445 centurione
1247 400 1415 445 factum
1443 414 1546 446 esse
1570 400 1693 461 quod
1717 400 2012 462 imperasset,

312 486 503 541 negaret
538 479 783 542 quicquam
819 496 870 527 se
894 480 1171 542 imperasse,
1207 480 1348 528 nihilo
1373 481 1526 529 minus
1550 498 1644 529 rem
1671 484 2011 546 comprobaret,

313 563 645 610 affirmantibus
691 563 867 610 libertis
907 563 1052 611 officio
1086 563 1255 611 milites
1289 566 1492 623 functos,
1538 566 1661 627 quod
1696 566 1756 613 ad
1792 567 2010 615 ultionem

311 646 601 708 imperatoriS
658 646 776 693 ultro
829 646 1235 709 procucurrissent.
1306 648 1425 694 Nam
1478 648 1593 695 illud
1645 664 1824 696 omnem
1875 650 2012 697 fidem

312 729 562 776 excesserit
613 729 736 792 quod
783 729 977 792 nuptiis,
1029 745 1147 792 quas
1194 731 1447 777 Messalina
1493 747 1596 778 cum
1644 732 1853 780 adultero
1902 733 2013 781 Silio

310 813 504 873 fecerat,
550 813 749 861 tabellas
794 813 914 861 dotis
960 819 1004 861 ct
1049 813 1148 876 ipse
1183 813 1545 876 consignaverit,
1594 815 1833 876 inductus,
1879 816 2012 878 quasi

312 895 368 943 de
403 895 630 943 industria
666 897 993 944 simularentur
1027 896 1087 944 ad
1123 897 1423 944 avertendum
1449 898 1913 961 transferendumque
1937 915 2014 962 pe-

314 979 532 1040 riculum,
567 979 689 1042 quod
714 980 951 1028 imminere
976 980 1061 1042 ipsi
1087 996 1170 1042 per
1193 980 1422 1042 quaedam
1448 987 1627 1028 ostenta
1651 981 2012 1044 portenderetur.

376 1063 536 1109 XXX.
606 1062 873 1111 Auctoritas
920 1063 1214 1125 dignitasque
1249 1066 1423 1111 formae
1458 1079 1547 1111 non
1584 1064 1729 1112 defuit
1764 1065 1837 1112 vel
1874 1066 2015 1113 stanti

315 1146 388 1193 vel
425 1146 603 1194 sedenti
639 1162 691 1193 ac
728 1146 975 1209 praecipue
1011 1146 1289 1208 quiescenti,
1338 1146 1461 1205 (nam
1497 1154 1542 1195 et
1576 1148 1753 1210 prolixo
1788 1164 1871 1196 nec
1907 1148 2014 1196 exili

313 1243 502 1291 corpore
549 1235 670 1289 erat,
717 1235 761 1276 et
806 1229 959 1291 specie
1007 1228 1265 1290 canitieque
1311 1230 1493 1291 pulcra,
1541 1230 1705 1293 opimis
1740 1231 2014 1296 cervicibus)

313 1318 514 1360 ceterum
563 1318 607 1360 et
652 1312 985 1374 ingredientem
1028 1312 1341 1360 destituebant
1375 1313 1574 1375 poplites
1608 1313 1760 1361 minus
1794 1314 1935 1374 firmi,
1971 1320 2016 1362 et

364 1414 444 1452 Dio
483 1417 553 1463 60,
587 1417 633 1463 2,
664 1417 684 1452 1
712 1432 765 1447 z
795 1415 943 1453 Suidccs
972 1428 1002 1453 s.
1032 1427 1064 1452 v.
1095 1414 1305 1459 Κλαύδιος.

310 1484 408 1526 ὥστε
448 1485 516 1526 καὶ
553 1492 601 1537 τῇ
635 1490 802 1538 κεφαλῇ
835 1486 903 1527 καὶ
936 1490 1027 1531 ταῖς
1059 1485 1197 1537 χερσὶν
1230 1484 1480 1537 ὑποτρέμειν.
1515 1486 1583 1527 xx}
1617 1485 1681 1527 διὰ
1715 1490 1828 1528 τοῦτο
1861 1487 1929 1528 καὶ
1962 1488 2015 1539 τῷ

311 1558 528 1609 φωνήμοιτι
561 1557 813 1610 ἐσφάλλετο.

368 1629 511 1667 Seneca
538 1629 693 1678 Apoc‘ol.
725 1632 770 1677 5,
803 1631 840 1667 2.

1371 1414 1414 1455 τὸ
1468 1414 1509 1455 δὲ
1558 1414 1604 1462 δὴ
1655 1416 1772 1465 σῶμα
1829 1416 2014 1464 νοσώδης,

897 1629 1113 1667 Nuntiatur
1150 1628 1234 1667 Iovi
1263 1629 1420 1667 venisse
1451 1629 1649 1679 quendam
1678 1652 1731 1656 —
1758 1629 1891 1668 nescio
1919 1630 2016 1680 quid

311 1701 426 1738 illum
468 1701 608 1738 minari
637 1724 690 1728 —
719 1701 879 1739 assidue
921 1701 1026 1739 enim
1064 1704 1185 1751 caput
1222 1713 1400 1748 movere,
1442 1701 1586 1750 pedem
1621 1701 1810 1739 dextrum
1849 1702 2014 1740 trahere.

312 1772 514 1822 quaesisse
553 1785 616 1820 se,
654 1772 770 1811 cuius
807 1773 977 1811 nationis
1015 1776 1140 1811 esset:
1180 1772 1434 1822 respondisse
1476 1772 1612 1810 nescio
1651 1772 1747 1822 quid
1785 1773 2016 1822 perturbato

312 1855 405 1881 sono
439 1847 479 1882 et
507 1856 601 1882 voce
631 1844 813 1894 confusa3
852 1857 930 1882 non
958 1844 1191 1893 intellegere
1222 1856 1263 1882 se
1292 1843 1470 1892 linguam
1499 1844 1596 1881 eius.
1629 1844 1694 1893 (3).
1725 1847 1768 1881 ut
1796 1843 1898 1882 vidit
1925 1844 2016 1882 novi

311 1915 468 1964 generis
506 1915 666 1963 faciem,
710 1916 914 1954 insolitum
953 1915 1176 1963 incessum,
1215 1927 1351 1953 vocem
1389 1914 1540 1952 nullius
1579 1915 1778 1953 terrestris
1815 1915 2015 1963 animalis,

314 1987 384 2025 sed
413 1987 543 2037 qualis
572 1987 734 2025 marinis
763 1987 891 2026 beluis
920 1999 1008 2025 esse
1038 1987 1155 2035 solet,
1184 1999 1343 2025 raucam
1372 1990 1412 2025 et
1439 1986 1686 2036 implicitam.

371 2058 513 2096 Seneca
543 2059 565 2096 l.
597 2059 618 2096 l.
653 2062 696 2107 6,
729 2060 765 2097 2.

314 2129 507 2167 irascitur.
538 2130 634 2180 quid
664 2130 812 2168 diceret
841 2143 956 2168 nemo
984 2130 1251 2179 intellegebat.

822 2058 1082 2097 excandescit
1110 2082 1160 2085 —
1192 2058 1382 2097 Claudius
1411 2062 1451 2096 et
1480 2058 1635 2108 quamdo
1664 2061 1796 2107 potest
1815 2069 2016 2095 murmure

314 2265 341 2295 51
366 2264 508 2294 omnino
533 2263 616 2304 quid
642 2264 873 2303 mutandum,
898 2264 1027 2295 rectius
1052 2267 1127 2294 tex-

314 2324 391 2352 tum
416 2324 620 2360 corrul‘uum
646 2319 798 2351 Seuer-ae
823 2321 1031 2361 correxeris,
1066 2331 1128 2352 nec

314 2377 400 2408 1111111
445 2385 615 2407 numerus
652 2385 757 2416 quem
795 2376 984 2408 Suetonius
1020 2377 1129 2408 tradit

314 2433 445 2464 1111111115
470 2443 544 2463 esse
570 2433 716 2463 videtur.

363 2490 510 2521 tabellas
533 2490 625 2520 dotis
646 2491 919 2529 consisjnaveril.
945 2490 985 2520 de
1000 2490 1130 2521 tabulis

314 2547 404 2577 dotis
419 2547 460 2577 cf.
476 2546 583 2586 Marq.
599 2545 667 2576 Vit.
682 2544 787 2577 1)1’11’.2
803 2557 830 2586 p.
846 2545 888 2577 48
902 2546 928 2577 A
943 2546 973 2577 2.
999 2546 1130 2577 Auctor

316 2613 423 2643 quem
454 2602 594 2633 Tacitus
620 2603 675 2633 1110
699 2603 861 2643 sequitur
886 2603 948 2634 1100
972 2603 1128 2634 omisisse

319 2660 473 2699 videtur,
500 2659 582 2699 quia
608 2668 675 2690 non
701 2659 873 2690 credebat..

362 2715 989 2755 transferemlemt—portenderetur.
1004 2716 1129 2746 marito

316 2772 524 2803 Messalinae
546 2775 694 2803 mortem
716 2772 848 2803 instare
861 2773 1040 2803 nonnullis
1052 2783 1129 2813 por—

315 2829 422 2859 tentis
448 2828 597 2868 praedici
624 2831 845 2868 putuverunt.
872 2829 985 2866 Quare
999 2829 1129 2860 Messa-

316 2886 387 2915 lina
424 2885 481 2916 alii
517 2885 715 2916 collocanda
752 2888 844 2924 erat,
891 2888 928 2915 ut
964 2885 999 2915 in
1036 2885 1129 2916 1111110

316 2942 511 2982 periculum
536 2942 804 2980 transferretur,
834 2941 875 2972 ef.
901 2941 980 2972 Ner.
1005 2940 1065 2971 36:
1091 2945 1129 2971 111

317 3008 361 3029 ea*
385 2998 537 3028 Balbillo
556 2998 734 3037 astroloqo
747 2998 885 3036 didicit,
908 2999 1130 3037 solerereyes

318 3055 405 3085 talia
423 3058 560 3085 ostenta
578 3054 682 3085 caede
694 3054 821 3093 aliqua
836 3053 966 3083 illustri
982 3054 1130 3093 expiare

316 3115 424 3151 atque
455 3121 475 3141 α
508 3115 617 3141 semet
651 3111 685 3141 in
711 3111 831 3150 capita
853 3119 1042 3150 procerum
1068 3110 1129 3141 cle-

312 3167 454 3207 pellere.

365 3224 415 3254 vel
449 3223 568 3253 stanti.
614 3223 676 3254 1100
713 3222 879 3263 praebent
915 3222 986 3253 cod.
1024 3222 1129 3253 Paris.

320 3277 408 3310 6116
421 3282 453 3309 et
468 3278 556 3309 Med.
570 3277 599 3309 ’1.
614 3278 652 3319 2,
671 3279 869 3319 recepitque
885 3278 1050 3317 Rothius,
1069 3278 1129 3318 qui

1201 2266 1320 2294 tamen
1335 2263 1476 2294 stellula
1490 2263 1645 2303 apposita
1658 2263 1773 2293 locum
1785 2262 1849 2293 sibi
1860 2263 2014 2294 nondum

1202 2323 1366 2351 sanatum
1381 2319 1488 2350 videri
1505 2319 1680 2350 indicavit.
1706 2319 1942 2350 Memmianus
1954 2319 2016 2350 ha-

1201 2376 1260 2407 bet
1273 2380 1306 2407 et
1321 2380 1477 2408 veterum
1494 2377 1622 2415 sumti,
1649 2376 1706 2407 alii
1720 2376 1854 2407 codices
1867 2376 1952 2416 alia,
1973 2376 2016 2407 cf.

1202 2433 1320 2464 Rothii
1346 2433 1450 2473 praes.
1478 2443 1507 2472 p.
1531 2432 1627 2464 XLV.
1653 2433 1782 2463 Locum
1805 2432 1910 2463 multi
1924 2432 2016 2463 varie

1201 2490 1389 2520 emendare
1414 2489 1529 2520 conati
1554 2493 1655 2529 sunt,
1680 2500 1697 2519 0
1722 2488 1851 2529 quibus
1876 2488 2016 2519 nomino

1202 2544 1429 2585 Oudendorp:
1454 2546 1484 2576 ei
1513 2555 1632 2576 verum
1652 2547 1786 2583 stanti,-
1811 2555 1840 2576 v.
1855 2546 1895 2576 01.
1910 2545 2016 2576 Polak

1202 2601 1270 2637 (1.1.
1287 2614 1315 2642 p.
1329 2600 1405 2641 37):
1431 2603 1461 2633 ei
1476 2603 1624 2642 quidem.
1636 2603 1689 2633 vel
1701 2603 1831 2642 stanti,
1856 2611 1874 2632 e
1888 2601 2016 2642 quibus

1202 2660 1451 2690 correctionem
1485 2658 1720 2699 Oudendorpii
1753 2659 1916 2699 praefero.
1943 2658 2017 2689 Nisi

1202 2725 1219 2746 e
1257 2716 1457 2746 coniectura
1482 2719 1558 2746 orta
1582 2719 1652 2755 est,
1688 2715 1788 2746 lectio
1812 2715 1884 2746 cod.
1911 2714 2017 2746 Paris.

1203 2782 1294 2813 quae
1330 2772 1462 2802 bonurn
1499 2782 1643 2803 sensum
1676 2771 1736 2802 dat
1770 2769 1849 2810 (nec
1884 2771 2015 2811 aliquid

1203 2829 1321 2859 1100550
1369 2832 1468 2868 puto)
1512 2828 1695 2859 retinenda
1738 2827 1825 2859 mihi
1862 2827 2016 2866 videtur,

1203 2894 1421 2925 quamqualn
1448 2885 1488 2915 115
1510 2885 1569 2925 qui
1592 2884 1792 2915 auctoritati
1814 2882 2016 2914 Memmiani

1202 2941 1307 2971 etiam
1328 2941 1391 2972 hoc
1412 2940 1639 2971 tribuendum
1653 2942 1797 2980 putant,
1823 2942 1862 2970 ut
1873 2937 2015 2970 Ouden-

1202 2997 1311 3037 dorpii
1354 2998 1520 3028 correctio
1562 2997 1598 3027 111
1637 2999 1773 3027 textum
1811 2995 2015 3035 recipiatur,

1203 3063 1271 3084 non
1296 3054 1451 3083 multum
1477 3052 1586 3083 habeo
1610 3053 1702 3093 quod
1728 3052 1973 3083 contradicam.

1246 3110 1359 3149 specie
1404 3109 1606 3148 canitieque
1644 3109 1784 3148 pulcra.
1819 3108 1860 3139 cf.
1885 3106 2016 3138 Seneca

1202 3166 1338 3206 Apoeol.
1364 3165 1394 3201 5,
1408 3165 1445 3196 2:
1473 3166 1606 3197 venisse
1626 3164 1807 3205 quendam
1820 3163 1930 3195 bonae
1941 3167 2015 3194 sta-

1203 3227 1322 3262 turae,
1349 3222 1434 3253 bene
1458 3232 1599 3253 eanum.

1246 3278 1485 3309 destituebant
1496 3278 1658 3317 poplites.
1673 3276 1840 3307 Claudius
1853 3276 1911 3306 diu
1922 3279 2015 3307 stare
