2081 3569
901 284 971 320 1:3ss

83 416 165 450 nec
206 401 348 449 multo
388 409 491 464 post
525 418 580 449 ex
618 403 864 465 composito
903 405 1152 469 irrumpere
1190 407 1368 470 Appius
1405 408 1662 468 nuntiatus,
1698 410 1766 458 cui

82 484 225 547 pridie
261 484 321 531 ad
356 484 402 531 id
438 486 656 547 temporis
694 494 740 532 ut
775 487 960 534 adesset
998 499 1288 551 praeceptum
1327 501 1447 549 crat,
1484 493 1614 553 quasi
1645 494 1779 555 plane

80 575 504 630 repraesentaretur
549 569 709 615 somnii
759 569 897 624 fides,
944 572 1113 618 arcessi
1163 573 1315 619 statim
1365 591 1416 619 a(-
1465 576 1574 621 niori
1626 576 1779 623 iussus

79 658 160 698 est.
214 651 312 698 Nee
357 651 585 698 dubitavit
631 658 814 713 postero
860 652 933 699 die
981 654 1208 700 (laudius
1255 656 1459 703 ordinem
1508 658 1568 704 rci
1618 668 1776 718 gestae

78 734 279 795 perferre
315 733 374 780 ad
409 741 620 781 senatum
657 750 712 780 ac
748 734 909 781 liberto
944 736 1120 796 gratias
1156 754 1317 797 agere,
1354 739 1474 799 quod
1513 757 1592 801 pro
1627 743 1777 790 salute

77 831 165 863 sua
198 816 335 864 etiam
372 816 605 864 dormiens
641 817 901 865 excubaret.
951 850 979 862 -

142 899 422 948 XXXVIII.
490 900 595 947 Irae
641 906 780 962 atque
827 900 1093 949 iracundiae
1133 904 1344 950 const-Ius
1380 905 1489 964 sibi,
1539 914 1776 969 utramque

76 982 318 1030 excusavit
355 982 502 1030 edicto
538 982 861 1044 distinxitque.
897 984 1129 1046 pollicitus
1165 985 1357 1033 alteram
1383 987 1566 1048 quidem
1593 989 1775 1037 brevem

76 1070 121 1112 et
154 1064 410 1124 innoxiam,
446 1065 639 1112 alteram
676 1081 766 1113 non
802 1066 1019 1114 iniustam
1055 1068 1166 1114 fore.
1204 1068 1522 1128 OstiensibuS,
1559 1070 1666 1131 quia
1693 1072 1775 1118 sibi

75 1146 288 1194 subeunti
335 1147 540 1194 Tiberim
588 1148 788 1210 scaphas
829 1148 1012 1196 obviam
1050 1165 1138 1197 non
1174 1150 1397 1210 miserint,
1444 1152 1649 1213 graviter
1683 1169 1776 1201 cor-

74 1228 238 1291 reptis,
286 1244 433 1291 eaque
469 1245 572 1277 cum
607 1230 806 1288 invidia,
844 1238 893 1278 ut
927 1231 971 1278 in
1009 1231 1215 1280 ordinem
1252 1248 1301 1280 se
1337 1241 1544 1281 coactum
1581 1236 1776 1282 conscri-

72 1354 259 1386 Narcissus
292 1371 334 1375 —
364 1354 558 1395 Appianae
586 1355 703 1386 caedis
727 1356 884 1387 molitor.

115 1412 246 1443 arcessi
282 1411 302 1443 i.
338 1422 366 1443 e.
401 1411 579 1452 advocari,
623 1412 715 1452 quod
752 1412 883 1444 bonum

71 1477 214 1499 sensum
260 1468 328 1499 dat.
385 1467 500 1505 Quare
544 1467 647 1507 Lipsii
682 1468 885 1499 coniectura

70 1525 187 1555 arceri
212 1533 280 1555 non
305 1533 392 1564 opus
415 1528 478 1554 est.

113 1580 161 1611 ad
183 1584 359 1612 senatum.
386 1580 543 1620 princeps
567 1589 621 1610 res
646 1580 786 1611 maioris
807 1590 883 1611 mo-

71 1636 180 1667 menti
222 1646 302 1667 cum
346 1640 470 1667 senatu
507 1636 790 1668 communicabat
825 1637 882 1676 (cf.

69 1702 96 1724 c.
128 1691 186 1732 36)
217 1696 253 1724 et
277 1692 483 1733 praesertim
508 1692 535 1723 si
560 1702 648 1733 quos
672 1693 801 1723 summi
827 1702 882 1724 or-

69 1748 160 1780 dinis
190 1749 281 1780 viros
312 1748 562 1789 interfecisset,
593 1758 675 1780 eum
699 1749 883 1780 certiorem

68 1806 145 1837 eius
187 1806 236 1837 rei
278 1806 391 1837 favere
434 1804 584 1844 solebat,
629 1804 883 1845 scriptoresque

67 1861 189 1893 sedulo
213 1862 558 1899 animadverterunt,
582 1861 610 1892 si
637 1861 794 1901 princeps
819 1861 883 1891 hoc

67 1917 249 1956 omiserat,
272 1918 314 1949 cs.
341 1917 402 1948 Dio
425 1916 478 1955 67,
503 1915 555 1947 1’1.
580 1915 618 1947 3:
643 1913 685 1947 οὗ
706 1913 778 1957 μὴν
799 1913 882 1946 οὐδὲ

65 1970 145 2013 περὶ
169 1975 239 2004 τῶν
262 1969 520 2014 ἀναιρεθέντων
544 1975 584 2013 τῇ
607 1970 720 2013 βουλῇ
746 1984 774 2003 τι
798 1970 881 2003 ἀπέ-

67 2027 184 2060 στειλε.
222 2028 283 2071 79,
317 2030 356 2070 4,
387 2029 426 2061 δε
462 2025 557 2059 οὗτοι
591 2025 656 2068 μὲν
687 2025 743 2059 διὰ
776 2030 881 2059 ταῦτα

65 2083 258 2124 ἀπώλοντο,
271 2084 336 2117 καί
345 2082 428 2117 οὐδὲ
444 2082 612 2125 ἐπεστάλη
627 2096 655 2114 τι
667 2081 746 2125 περὶ
765 2081 882 2115 αὐτῶν

66 2145 107 2184 τῇ
126 2141 300 2184 γερουσίᾳ.
322 2143 516 2174 Mommsen
534 2140 615 2173 StR.
644 2140 789 2172 1111264
803 2141 830 2172 A
844 2140 878 2172 3.

111 2199 192 2231 Irae
238 2203 348 2240 acque
391 2198 601 2231 iracundiae
645 2214 688 2217 —
727 2197 881 2228 alteram

68 2254 210 2287 brevem
239 2272 282 2276 ——
312 2256 468 2287 alteram
498 2263 571 2286 non
597 2253 783 2284 iniustam.
822 2262 882 2293 per

65 2310 210 2341 chiasmi
237 2309 385 2351 figuram
412 2312 496 2342 haec
520 2311 612 2341 dicta
635 2313 720 2341 sunt
739 2313 778 2340 ut
791 2310 879 2349 Aug.

64 2365 124 2398 13:
160 2376 274 2407 neque
308 2371 558 2399 veteranorum
593 2376 709 2406 neque
738 2376 878 2406 posses-

64 2432 188 2454 sorum
218 2424 380 2462 qratiam
409 2424 539 2463 tenuit,
571 2423 695 2454 alteris
720 2421 879 2462 (posses-

64 2478 217 2519 soribus)
241 2479 326 2519 pelli
351 2489 404 2520 se,
427 2480 551 2510 ulteris
574 2478 783 2518 (veteranis)
810 2488 880 2511 non

62 2545 128 2576 pro
152 2546 214 2576 spe
236 2537 453 2567 meritorum
473 2536 622 2567 tractari
641 2536 878 2576 querentibus.

66 2592 224 2623 Promisit
250 2592 357 2632 igitur
380 2591 549 2623 Claudius
572 2592 792 2623 iracundiam
815 2592 834 2622 i.
850 2602 878 2623 e.

64 2648 135 2679 irae
159 2648 378 2688 eruptionem
404 2648 544 2679 brevem
570 2649 661 2688 sore,
686 2649 879 2680 ii‘nmeritos

63 2708 182 2735 autem
228 2705 314 2735 iram
361 2713 460 2735 suam
510 2714 577 2735 non
623 2705 877 2736 conflictui-am.

62 2760 216 2793 (Bremio
251 2760 445 2791 chiasnium
483 2770 551 2791 non
576 2760 778 2791 admittenti
802 2761 878 2792 *iru—

63 2816 194 2847 cundia
239 2816 330 2847 idem
366 2819 420 2846 est
454 2819 561 2857 atque
595 2816 720 2847 odium
755 2817 877 2857 (Hass,

63 2869 192 2912 Groll),
217 2882 287 2912 quo
311 2882 414 2903 sensu
430 2882 492 2903 vox
507 2882 702 2913 nuliiquam
719 2873 874 2913 legitur.)

105 2928 271 2960 subeunti
302 2928 457 2959 Tiberim
482 2928 502 2959 i.
520 2938 549 2959 c.
573 2938 592 2959 e
612 2929 698 2960 mari
721 2929 876 2961 Tiberim

63 2984 228 3025 ingresso,
263 2985 305 3015 cs.
342 2983 414 3015 Gai.
440 2983 499 3015 15:
539 2983 756 3017 Ostiam—et
792 2987 877 3017 inde

61 3040 217 3072 Romam
252 3040 371 3071 Tiberi.
402 3041 586 3071 subvectos.
619 3041 691 3072 Tib.
718 3041 770 3072 72.
797 3042 875 3073 Vel-

61 3096 160 3128 leius.
186 3097 214 3128 11
239 3096 323 3136 100,
348 3097 377 3127 23.

104 3153 256 3193 scaphas
279 3153 421 3184 obviam
444 3162 517 3184 non
539 3153 717 3184 miserint.
741 3163 781 3184 ex
808 3154 871 3185 hoe

61 3209 134 3240 loco
166 3209 273 3250 Marq.
307 3209 373 3240 Vit.
407 3208 499 3240 Priv²
532 3218 562 3248 p.
594 3208 658 3240 410
682 3209 708 3240 A
733 3208 754 3240 8
778 3214 871 3241 recte

60 3265 200 3305 collegit
222 3266 367 3307 scaphas
391 3264 508 3297 Ostiae
533 3276 601 3297 non
623 3268 738 3298 solum
760 3267 871 3298 inser-

960 1358 1060 1389 viisse
1084 1359 1125 1390 ad
1153 1369 1286 1391 merces¹
1309 1370 1327 1391 e
1353 1360 1500 1392 navibus
1525 1371 1615 1402 quae
1636 1366 1773 1402 portum

961 1416 1012 1445 vel
1045 1416 1177 1447 llumen
1203 1417 1334 1448 intrare
1360 1426 1428 1448 non
1454 1421 1593 1457 possent
1617 1421 1775 1449 transve-

959 1471 1091 1503 hendas
1115 1470 1173 1511 (cf.
1200 1472 1272 1513 Dig.
1298 1471 1357 1513 14,
1382 1472 1419 1513 ⁴2,
1441 1473 1461 1504 4
1486 1472 1568 1514 pn),
1594 1475 1772 1505 sedetiam

957 1526 1132 1558 adhibitas
1156 1537 1231 1559 esse
1252 1528 1293 1559 ad
1309 1529 1469 1561 homines
1482 1531 1773 1562 transmittendos

957 1582 1014 1622 (cf.
1048 1583 1138 1615 Petr.
1172 1584 1263 1624 1102).
1300 1585 1365 1622 Qui
1405 1586 1543 1626 scaphis
1580 1586 1773 1617 utebantur

957 1640 1128 1680 scapharii
1163 1641 1331 1681 appellati
1350 1644 1452 1682 sunt,
1476 1651 1628 1682 quorum
1649 1652 1772 1683 eorpus

957 1693 1073 1727 Ostiae
1108 1697 1215 1728 fuisse
1251 1697 1352 1729 docet
1383 1697 1510 1729 titulus
1542 1698 1587 1729 ibi
1613 1703 1772 1739 repertus

957 1750 991 1782 G.
1007 1752 1030 1783 Ι.
1044 1752 1078 1783 L.
1094 1752 1170 1784 XIV
1184 1752 1265 1784 409:
1281 1771 1324 1774 —
1336 1753 1424 1785 item
1437 1752 1612 1794 (patrono)
1626 1764 1771 1795 corpor-

956 1806 1130 1847 (acorum)
1171 1809 1451 1849 scaplzariorum
1491 1814 1524 1841 et
1565 1810 1773 1842 lenunculu-

956 1862 1127 1903 rior(um)
1150 1866 1317 1897 traiectus
1330 1866 1487 1906 Luculli,
1512 1866 1612 1897 cuius
1623 1868 1774 1907 corporis

956 1929 1034 1959 pars
1048 1920 1154 1952 fuisse
1165 1921 1303 1952 videtur
1313 1931 1440 1961 corpus
1452 1920 1645 1962 l›·eiect[us]
1662 1923 1772 1963 Toqa-

957 1976 1129 2016 tensium,
1142 1977 1242 2008 cuius
1255 1978 1386 2008 mentio
1401 1977 1487 2009 sitin
1502 1979 1605 2009 titulo
1620 1978 1771 2010 Ostiensi

955 2031 990 2063 C.
1018 2032 1040 2063 l.
1066 2032 1101 2063 L.
1129 2033 1204 2064 XIV
1224 2032 1288 2064 403
1310 2032 1366 2073 (cf.
1380 2034 1464 2074 Eph.
1479 2035 1590 2075 Epigr.
1609 2036 1619 2066 Ι
1637 2046 1665 2075 p.
1679 2035 1770 2075 217).

956 2087 1084 2119 Romae
1128 2098 1269 2130 quoque
1310 2090 1455 2130 scaphas
1491 2092 1526 2122 in
1563 2102 1627 2122 usu
1667 2093 1772 2124 fuisse

954 2144 1055 2176 docet
1078 2145 1206 2176 titulus
1232 2146 1388 2177 urbanus
1415 2146 1450 2177 C.
1468 2147 1489 2178 1.
1505 2147 1540 2178 L.
1556 2147 1773 2180 vi‘18722—

951 2202 1171 2240 praesertim
1214 2212 1292 2233 cum
1330 2203 1516 2243 naviqatio
1553 2204 1769 2244 scapliarum

953 2257 1147 2297 diligentia
1178 2259 1254 2289 eius
1284 2259 1467 2299 adquisitu
1501 2263 1535 2291 et
1557 2260 1770 2300 confirmatu

953 2314 1011 2344 sit.
1057 2313 1169 2345 Etiam
1200 2315 1298 2354 alibi,
1338 2319 1376 2346 ut
1415 2326 1474 2356 par
1497 2320 1568 2356 est,
1601 2318 1770 2357 scapharii

953 2369 1198 2410 inveniuntur,
1233 2371 1276 2401 cf.
1310 2370 1345 2402 C.
1381 2372 1404 2403 Ι.
1440 2372 1770 2405 1,.11111681169.

952 2424 1050 2457 1180.
1077 2424 1176 2457 1183.

999 2483 1035 2513 in
1048 2483 1213 2514 ordinem
1226 2489 1396 2516 coactum.
1411 2485 1453 2516 cf.
1472 2485 1566 2526 Vesp.
1580 2485 1641 2517 15:
1657 2496 1770 2526 paene

952 2539 992 2570 in
1025 2539 1191 2570 ordinem.
1231 2540 1404 2572 redactus.
1445 2541 1672 2581 Magistratus
1708 2543 1768 2584 qui

951 2598 1137 2635 tamquam
1160 2596 1315 2635 privatus
1336 2600 1514 2629 tractatur
1541 2599 1579 2629 in
1603 2599 1770 2629 ordinem

951 2651 1028 2690 cosli
1042 2651 1188 2692 dicitur,
1206 2652 1247 2683 cs.
1264 2652 1351 2684 Plin.
1366 2664 1417 2694 ep.
1435 2653 1520 2695 123,
1543 2653 1559 2685 1
1577 2653 1770 2695 (respondit

954 2707 1087 2738 Plinius
1103 2707 1238 2739 Falconi
1255 2709 1390 2749 roganti
1405 2734 1412 2750 ,
1437 2720 1522 2740 num
1537 2710 1571 2741 in
1587 2711 1767 2741 tribunatu

953 2764 1061 2803 plebis
1073 2773 1196 2795 causas
1209 2774 1311 2805 agere
1321 2765 1385 2796 sibi
1396 2765 1547 2805 liceret):
1563 2767 1766 2807 plurimum

951 2819 1083 2861 refert,
1130 2820 1219 2860 quid
1261 2830 1334 2851 esse
1379 2821 1605 2852 tribunatum
1646 2826 1766 2862 putes,

951 2877 1099 2907 inanem
1123 2876 1294 2907 umbram
1317 2881 1350 2907 et
1373 2877 1451 2907 sine
1474 2877 1606 2908 honore
1619 2887 1767 2917 nomeu,

949 2942 998 2963 an
1019 2937 1233 2972 potestatem
1256 2938 1522 2964 sacrosanctum.
1547 2938 1579 2965 et
1603 2944 1711 2974 quam
1729 2935 1767 2965 in

949 2988 1117 3020 ordinem
1152 2989 1229 3028 coqi
1265 2993 1304 3019 ut
1338 2999 1360 3019 a
1397 2990 1495 3020 nullo
1529 2990 1578 3020 ita
1610 3000 1654 3021 ne
1685 3000 1706 3020 a
1731 3000 1766 3021 se

949 3044 1097 3084 uiridem
1139 3045 1267 3076 deceat.
1313 3045 1455 3077 Locutio
1495 3056 1513 3076 e
1550 3056 1585 3077 re
1622 3047 1763 3077 militari

949 3100 1134 3140 desumpta
1147 3104 1217 3141 est,
1230 3101 1264 3131 in
1279 3110 1350 3141 qua.
1363 3102 1565 3142 praepositi,
1579 3103 1639 3143 qui
1653 3103 1761 3143 gradu

944 3156 1154 3198 deiciuntur,
1198 3158 1230 3188 in
1275 3158 1414 3188 ordines
1459 3158 1532 3199 cogi
1577 3158 1760 3195 diruntur,

944 3212 986 3243 cs.
1011 3212 1206 3244 Mommsen
1232 3212 1312 3244 stit.
1340 3212 1368 3244 [²⁵
1391 3212 1456 3244 «1:39
1480 3214 1506 3244 A
1531 3214 1552 3243 :3
1578 3214 1757 3249 :1²135,

945 3268 1005 3309 qui
1030 3270 1212 3310 complura
1236 3270 1397 3311 exempla
1420 3270 1604 3311 congessit.
