2138 3486
63 388 112 436 C.
150 390 222 434 26.

1159 264 1233 301 13‘2

346 387 558 433 manibus
608 386 823 448 ipsorum.
880 386 975 433 Nee
1026 385 1195 433 durare
1248 386 1392 433 valuit
1442 386 1551 447 quin
1602 387 1659 434 de
1711 384 2045 436 conditionibus

344 469 554 515 continuo
600 474 841 527 tractaret,
889 468 1026 515 etiam
1073 468 1131 516 de
1177 468 1419 521 Paetinae.
1465 484 1602 530 quam
1650 469 1755 516 olim
1803 478 2045 532 exegerat,

343 551 491 612 deque
564 551 740 598 Lolliae
810 551 1057 612 Paulinae,
1125 566 1244 613 quae
1313 550 1362 597 (ἶ.
1433 550 1622 599 Caesari
1681 559 1825 615 nupta
1881 556 2043 601 fuerat.

400 662 481 701 Tae.
507 664 611 702 Ama.
642 664 729 702 XII
757 667 784 703 J.
842 665 971 703 Caede
1015 665 1250 703 Messalinae
1292 665 1481 703 convulsa
1524 666 1715 716 primdpis
1758 667 1918 714 domus,
1961 673 2045 705 orto

342 735 447 784 apud
484 735 645 773 libertos
684 736 917 783 certamine,
956 737 1045 785 quis
1084 736 1276 785 deligeret
1314 748 1479 774 uxorem
1519 736 1704 784 Claudio,
1743 737 1904 776 caelibis
1941 738 2044 776 vitae

341 806 564 844 intoleranti
612 810 651 844 et
689 807 900 855 coniugum
938 807 1114 856 imperiis
1153 807 1330 845 obnoxio.
1383 804 1467 845 Nee
1505 807 1654 845 minore
1692 808 1841 846 ambitu
1873 808 2042 846 feminae

339 882 589 915 exarserant:
631 889 740 915 suam
779 890 958 927 quaeque
988 878 1231 916 nobilitatem
1261 879 1426 916 formam
1457 891 1552 928 opes
1582 879 1821 917 contendere
1849 892 1895 917 ae
1927 879 2043 928 digna

339 951 447 985 tanto
484 948 731 986 matrimonio
765 953 974 987 ostentare.
1005 949 1083 987 Sed
1113 949 1283 987 maxime
1313 949 1584 998 ambigebatur
1614 949 1717 988 inter
1747 949 1913 988 Lolliam
1945 950 2044 988 Pau-

339 1018 460 1056 linam
489 1019 540 1056 M.
558 1019 673 1057 Lollii
698 1019 916 1057 consularis
937 1020 1002 1069 (M.
1024 1020 1170 1067 Lollio,
1200 1020 1281 1057 filio
1302 1020 1353 1057 M.
1375 1020 1491 1057 Lollii
1513 1020 1732 1058 consularis
1753 1021 1852 1059 coni.
1872 1021 2044 1069 Madviy)

340 1093 379 1127 et
407 1090 549 1127 Iuliam
577 1090 836 1140 Agrippinam
866 1090 1098 1129 Germanico
1127 1091 1318 1139 genitam:
1350 1091 1442 1128 huie
1472 1091 1622 1138 Pallas,
1652 1091 1709 1128 illi
1742 1091 1931 1130 Callistus
1960 1092 2043 1129 fau-

340 1165 445 1199 tores
473 1161 657 1210 aderant3
696 1165 735 1199 at
764 1161 875 1200 Aelia
905 1162 1067 1200 Paetina
1095 1174 1116 1200 e
1146 1162 1295 1199 familia
1324 1162 1574 1200 Tuberonum
1604 1162 1792 1200 Narcisso
1820 1163 2037 1201 fovebatur.

340 1232 431 1282 Ipse
460 1233 537 1271 hue
567 1233 698 1280 modo,
729 1233 842 1271 modo
872 1234 986 1280 illue,
1017 1238 1059 1271 ut
1089 1246 1286 1283 quemque
1307 1234 1559 1272 suadentium
1579 1233 1778 1280 audierat,
1808 1238 2042 1283 promptus,

340 1303 611 1342 discordantes
646 1304 686 1342 in
724 1305 929 1342 eonsilium
975 1309 1085 1342 voc-at
1122 1317 1168 1342 ae
1208 1317 1387 1354 promere
1426 1305 1661 1343 sententiam
1691 1310 1731 1343 et
1760 1305 1918 1344 adicere
1949 1305 2042 1343 rati-

339 1387 433 1413 ones
460 1375 580 1414 iubet.

339 1510 422 1541 Aen.
455 1509 532 1540 VIII
564 1509 646 1541 577:
675 1511 799 1549 patior
830 1509 992 1549 quemvis
1017 1509 1152 1539 durare

340 1566 506 1597 laborem.
532 1565 665 1597 Statius
690 1566 770 1598 Silv.
795 1564 980 1606 V.2,153:
1004 1564 1152 1596 durabis

339 1632 569 1663 quascunque
606 1623 688 1654 vias.
725 1622 771 1654 Ut
805 1622 933 1653 dieitur
969 1631 1039 1653 non
1074 1631 1151 1652 sns-

340 1679 432 1709 tineo
478 1680 570 1718 (min.
617 1682 708 1710 ret-te
756 1680 819 1710 hoc
866 1680 938 1709 1000
983 1677 1151 1716 (alterum

338 1735 536 1775 exemplum
572 1735 658 1766 mihi
688 1745 756 1766 non
782 1739 905 1766 notum
931 1733 999 1774 est)
1023 1734 1153 1775 legitur

339 1800 401 1822 ner
438 1792 574 1823 durare
610 1793 710 1832 quin.
747 1792 891 1833 Saepius
923 1795 1042 1824 autem
1071 1801 1150 1822 eum

338 1846 515 1879 Infinitivo
540 1849 686 1889 legitur,
711 1850 753 1880 ef.
780 1849 870 1881 Petr.
888 1848 941 1889 41,
966 1848 995 1879 2.
1022 1849 1150 1880 Lucan.

339 1903 383 1934 IV
407 1903 481 1935 519.
506 1903 565 1935 Sil.
592 1905 630 1936 It.
656 1905 685 1936 X
710 1904 784 1936 675.
809 1906 855 1937 XI
881 1905 932 1938 75.

383 1960 655 1992 conditionibus.
688 1972 732 1993 se.
764 1962 911 2003 uxoriis,
943 1963 984 1993 cf.
1018 1962 1085 1994 Cic.
1110 1963 1151 1993 de

338 2017 436 2047 amic.
462 2015 520 2048 34:
546 2017 674 2049 dirimi
697 2017 868 2057 (amores)
894 2024 1014 2050 lamen
1040 2020 1151 2050 inter-

337 2073 425 2104 dum
449 2075 674 2106 contentione
696 2076 748 2106 vel
772 2077 924 2107 uscorme
936 2076 1152 2107 conditionis

338 2130 390 2160 vel
408 2130 585 2161 commodi
605 2131 769 2162 alicuius.
787 2131 933 2172 Saepius
950 2132 1040 2172 apud
1055 2132 1151 2164 Suet.

338 2186 484 2227 legitur,
508 2187 550 2217 ef.
576 2186 671 2218 Caes.
696 2186 756 2218 27;
795 2187 1150 2220 Octaviam—condi-

340 2243 469 2274 tionem
484 2243 515 2274 ei
529 2243 666 2274 detulit.
692 2244 778 2284 Aug.
793 2243 852 2275 63:
878 2245 1004 2276 multis
1016 2255 1057 2276 ac
1069 2246 1150 2285 diu,

338 2299 448 2330 etitem
480 2309 523 2330 ea:
554 2301 711 2339 equestri
747 2301 890 2340 ordine,
922 2302 1151 2341 circumaper-

339 2356 383 2386 tz's
413 2356 695 2395 conditionibus,
733 2357 913 2389 Tiberium
937 2358 1149 2398 priviqmmz

337 2422 442 2443 snum
468 2413 563 2452 lesyt't.
589 2412 686 2444 Gall).
712 2413 749 2444 5:
783 2415 959 2445 remansit
984 2415 1020 2445 in
1044 2415 1151 2446 caele·-

340 2469 441 2509 bacn,
479 2479 593 2509 neque
623 2470 809 2501 sollicitari
845 2471 915 2501 nlla
950 2471 1152 2502 conditione

337 2525 496 2565 amplius
520 2527 650 2566 potnit.

386 2581 564 2613 Paetinae.
584 2583 625 2613 de
642 2583 706 2614 hae
719 2583 796 2614 vide
810 2593 913 2623 supra
928 2594 957 2623 p.
971 2582 1045 2614 129.
1060 2583 1150 2613 Fau-

338 2642 392 2669 tor
404 2639 479 2669 eius
492 2643 567 2670 erat
578 2639 770 2679 Narcissus,
784 2640 826 2670 vs.
840 2639 916 2670 Tac.
931 2639 1019 2670 Ann.
1033 2639 1095 2670 XII
1113 2639 1149 2670 2;

338 2694 527 2726 Narcissus
564 2699 659 2727 vetus
694 2697 990 2736 matrmzoanm,
1035 2696 1148 2736 filiani

338 2760 565 2783 communem
603 2750 706 2790 (nam
736 2752 894 2783 Antonia
919 2762 963 2783 ea*
998 2752 1150 2783 Paetina

338 2805 448 2846 erut),
485 2807 578 2838 nihil
614 2808 651 2838 in.
684 2808 874 2847 penatibus
909 2808 984 2838 elus
1020 2817 1151 2838 ηουιωη

337 2863 552 2903 disserebat,
577 2865 606 2894 si
629 2868 729 2895 sueta
742 2865 874 2895 confuse
888 2864 1040 2904 rediret,
1054 2864 1150 2894 hum(

338 2929 523 2959 quaquam
549 2920 794 2951 novercalibus
817 2920 909 2951 odiis
928 2920 1046 2950 visura
1066 2920 1150 2951 Bri-

340 2975 536 3007 tannicum.
562 2976 757 3016 Octaviam,
779 2977 948 3016 proxima
973 2977 1047 3007 suis
1071 2977 1150 3015 niq—

339 3040 438 3062 nora.

383 3088 518 3119 Lolliae
567 3088 752 3120 Paulinae.
797 3092 894 3128 pater
927 3087 1022 3127 (nam
1060 3088 1149 3128 apud

338 3144 406 3176 Tae
463 3144 551 3175 Anu.
595 3145 654 3175 xli
698 3144 714 3175 1
754 3145 856 3176 lectio
897 3144 1055 3175 eodicum
1103 3144 1149 3175 M.

341 3200 441 3231 Lollii
498 3202 699 3232 consularis
756 3205 849 3232 stare
906 3201 960 3231 vix
1020 3204 1150 3240 potest,

337 3257 632 3298 scribendumque
674 3258 810 3289 videtur
847 3268 925 3288 cum
961 3257 1150 3298 Madvigio:

1225 1508 1271 1540 Μ.
1301 1508 1409 1540 Lollio
1434 1510 1510 1549 filio
1534 1509 1581 1540 M.
1608 1509 1712 1540 Lollii
1733 1507 1950 1549 consularis)
1972 1508 2041 1540 fuit

1225 1564 1269 1596 M.
1326 1565 1455 1596 Lollius
1504 1565 1707 1605 ceteroquin
1750 1555 1901 1605 ignotus.
1949 1564 2044 1596 Avus

1225 1621 1328 1660 (Ptin.
1374 1622 1411 1654 H.
1442 1622 1482 1653 N.
1516 1621 1557 1662 9,
1597 1620 1677 1660 118)
1713 1625 1789 1653 erat
1824 1621 1868 1653 M.
1908 1621 2040 1652 Lollius

1225 1688 1290 1709 ros.
1316 1688 1345 1709 a.
1371 1678 1508 1719 733121,
1545 1683 1648 1710 notus
1673 1678 1768 1709 clade
1791 1687 1811 1709 a
1834 1677 2038 1719 Sugambris

1225 1739 1365 1776 accepta
1395 1734 1566 1774 (Velleius
1600 1735 1628 1766 II
1652 1734 1704 1766 97.
1730 1734 1807 1766 Tae.
1833 1734 1922 1765 Ann.
1950 1735 1962 1765 I
1986 1733 2039 1766 10.

1225 1791 1287 1822 Dio
1311 1790 1371 1831 54,
1406 1790 1459 1822 20.
1485 1791 1580 1823 Suet.
1607 1791 1685 1831 Aug
1707 1790 1763 1830 23)
1790 1794 1825 1822 et
1850 1790 1926 1822 Gaii
1951 1790 2039 1822 Cae-

1225 1847 1311 1878 saris
1352 1847 1501 1888 Augusti
1543 1847 1603 1879 filii
1638 1847 1817 1888 quondam
1851 1857 1967 1879 comes
2007 1851 2043 1878 et

1225 1909 1355 1945 rector,
1387 1905 1488 1936 cuius
1520 1904 1673 1935 amicitia
1703 1914 1785 1935 011111
1810 1903 2037 1935 interdictum

1225 1961 1255 1992 ei
1291 1964 1400 2001 esset,
1432 1961 1503 2001 ipse
1535 1970 1570 1991 se
1603 1960 1783 1991 interemit
1811 1959 1982 1998 (Velleius
2011 1960 2041 1991 II

1225 2017 1299 2048 102.
1325 2018 1412 2049 Ρ1111.
1439 2018 1494 2048 1.1.
1519 2017 1596 2048 Tac.
1623 2017 1712 2048 Ann.
1728 2017 1773 2048 III
1791 2015 1842 2048 48.
1857 2016 1954 2048 Suet.
1968 2016 2040 2048 Tib.

1226 2073 1294 2113 12).
1329 2073 1440 2104 Mater
1474 2073 1539 2104 suit
1572 2072 1732 2110 Volusia,
1767 2072 1837 2104 filia
1862 2073 1897 2104 L.
1923 2073 2041 2104 Volusi

1226 2129 1407 2161 Saturnini
1443 2140 1508 2161 cos.
1541 2131 1618 2160 surr.
1644 2139 1673 2160 a.
1702 2127 1842 2169 742112,
1879 2139 1974 2160 soror
2005 2129 2040 2160 L.

1227 2186 1357 2217 Volusii
1401 2186 1582 2217 Saturnini
1625 2195 1690 2217 cos.
1728 2187 1805 2217 sull'.
1847 2195 1875 2217 a.
1918 2184 2041 2227 75613,

1226 2243 1287 2282 qui
1322 2242 1388 2273 sub
1420 2241 1564 2273 Claudio
1592 2251 1650 2282 per
1668 2245 1782 2272 totum
1810 2242 2040 2282 principatum

1227 2299 1422 2338 praefectus
1457 2298 1532 2329 urbi
1566 2298 1673 2329 fuisse
1705 2297 1860 2338 videtur,
1885 2298 1927 2329 ef.
1954 2298 2041 2330 Plin.

1226 2355 1265 2386 H.
1300 2355 1341 2386 N.
1368 2355 1403 2395 7,
1429 2354 1481 2386 02.
1507 2354 1541 2385 (Ϊ“.
1571 2354 1591 2385 l.
1618 2354 1653 2386 L.
1679 2354 1725 2385 III
1750 2353 1846 2385 2976.

1272 2412 1306 2443 C.
1363 2412 1507 2443 Caesari
1561 2415 1685 2451 nupta.
1732 2411 1841 2441 Lollia
1888 2410 2039 2451 primum

1226 2469 1343 2509 nupsit
1378 2468 1413 2499 P.
1445 2468 1610 2499 Memmio
1642 2467 1775 2508 Regulo
1807 2477 1874 2498 eos.
1907 2467 1984 2498 suff.
2010 2476 2040 2498 a.

1226 2523 1356 2565 784131,
1381 2525 1505 2555 deiude
1526 2533 1657 2564 mense,
1683 2527 1722 2555 ut
1736 2524 1884 2564 videtur,
1898 2522 2038 2555 Octobri

1225 2592 1254 2613 a.
1288 2579 1409 2621 791138
1441 2579 1498 2619 (cf.
1532 2580 1685 2611 Huelsen
1711 2581 1731 2611 l.
1757 2580 1849 2610 infra
1874 2578 1911 2619 1.)
1936 2580 2039 2622 Gaio,

1224 2638 1297 2678 ipso
1322 2637 1464 2676 marito,
1489 2647 1570 2667 011111
1595 2639 1687 2667 esset
1712 2637 1848 2676 legatus
1870 2636 2041 2677 Moesiae,

1225 2693 1447 2724 Macedoniae
1482 2696 1517 2723 et
1552 2692 1700 2723 Achaiae
1733 2691 1777 2723 ab
1809 2692 1868 2723 illo
1894 2692 2038 2724 Romam

1225 2749 1349 2789 ascito,
1377 2752 1415 2779 ut
1441 2758 1582 2779 uxorem
1596 2748 1626 2779 ei
1641 2748 1872 2789 desponderet
1894 2748 1972 2787 (Dio
1985 2747 2039 2788 59,

1224 2805 1284 2845 12,
1310 2805 1340 2836 1.
1366 2805 1462 2837 Suet.
1487 2804 1559 2836 Gai.
1584 2804 1658 2844 271);
1694 2805 1797 2845 paulo
1820 2809 1940 2836 tamen
1965 2808 2041 2846 post

1225 2863 1406 2903 repudiata
1429 2865 1482 2893 est
1499 2861 1601 2900 (Suet
1625 2862 1644 2892 l.
1661 2863 1680 2893 1.
1707 2862 1769 2893 Dio
1782 2861 1834 2902 59,
1848 2860 1902 2899 23,
1917 2861 1960 2900 7).
1986 2862 2038 2893 Ad

1224 2928 1300 2949 eam
1332 2918 1555 2959 probabiliter
1578 2922 1733 2959 spectare
1758 2922 1860 2958 putat
1885 2918 2039 2949 Huelsen

1225 2975 1464 3016 fragmentum
1498 2978 1562 3006 act.
1588 2975 1629 3005 fr.
1654 2974 1733 3006 Arv.
1760 2984 1788 3005 a.
1815 2972 1936 3014 792139
1959 2983 1979 3005 a
2002 2984 2039 3005 se

1223 3031 1359 3062 editum
1392 3031 1476 3071 Eph.
1510 3031 1623 3072 Epigr.
1661 3030 1738 3061 VIII
1772 3040 1802 3070 p.
1825 3029 1909 3061 329:
1940 3029 2038 3070 id]us

1227 3087 1328 3118 Febr.
1364 3085 1415 3126 [L.
1448 3086 1588 3118 Salvius
1624 3086 1711 3118 Otho
1741 3085 1890 3127 flamen]
1916 3091 1949 3118 et
1970 3096 2038 3127 pro

1224 3145 1399 3183 mayistro
1439 3141 1593 3183 ‹¹[0Ileqii
1635 3143 1798 3182 fratrum
1829 3141 2035 3182 Arvalium]

1224 3201 1371 3232 nonM’ne
1395 3200 1509 3231 natali
1536 3198 1558 3239 [.
1585 3222 1592 3228 .
1618 3224 1624 3230 .
1652 3224 1658 3230 .
1686 3200 1722 3230 in
1749 3197 1938 3239 Capitolio]
1964 3198 2036 3230 Iovi

1226 3256 1262 3287 Ο.
1296 3256 1341 3287 Μ.
1374 3254 1512 3295 bov[em
1536 3265 1677 3287 matrem
1702 3253 1930 3294 immolavit}
1965 3255 2036 3286 Na-
