2138 3486
75 268 93 313 (

95 267 113 287 Ἰ

105 296 125 313 l·

163 270 203 312 3.

1157 140 1204 176 18

327 270 565 324 utramque
600 268 777 324 partem
812 262 1026 323 opinatus
1061 261 1143 320 sit,
1179 275 1269 322 quo
1305 260 1474 308 certius
1510 267 1839 322 cognoscatur,
1876 262 2029 325 capita

324 363 379 393 ex
415 345 560 407 ipsius
596 344 810 406 epistulis
845 343 990 406 posui.

538 426 831 487 „Collocutus
893 442 995 473 sum
1058 442 1162 473 eum

1230 426 1444 485 Tiberio,
1520 432 1569 473 ut
1633 426 1863 474 mandasti
1927 442 2030 474 inea

326 510 516 570 „Livia,
551 509 662 571 quid
698 509 850 571 nepoti
886 515 964 556 tuo
1000 508 1187 556 Tiberio
1223 508 1485 556 faciendum
1522 515 1645 556 esset
1679 509 1802 555 ludis
1839 509 2030 556 Martia-

326 593 485 653 „libus
539 592 779 640 Consentit
831 598 984 640 autem
1038 599 1231 653 uterque
1279 597 1508 650 nostruin,
1561 592 1703 639 semel
1750 591 1881 638 nobis
1927 607 2030 639 esse

325 675 670 736 „statuenduin,
716 675 840 737 quod
887 675 1127 722 eonsilium
1175 675 1217 721 in
1269 675 1346 721 illo
1393 690 1654 736 sequamur.
1708 675 1827 721 Nam
1875 674 1914 721 si
1962 680 2032 722 est

326 764 483 819 ,ῥέῃ-ως
516 758 581 816 (sut
615 758 679 825 ita
714 758 880 821 dicam)
921 763 1168 816 ὁλοκλήρως,
1205 757 1314 819 quid
1350 764 1421 804 est
1451 757 1573 819 quod
1600 757 1886 818 dubitemus,
1922 757 2031 820 quin

325 880 444 910 culum
482 888 648 919 magnum
682 881 718 909 et
743 879 928 918 maiorem,
964 881 1003 909 ut
1028 888 1138 909 avun-

326 936 427 966 culus
449 945 597 975 magnus
615 935 660 966 sit
677 936 773 966 aviae
792 935 917 975 frater,
942 936 1140 966 avunculus

328 991 437 1022 maior
452 991 610 1032 proaviae
624 990 862 1031 frater(quam
878 991 1139 1021 distinctionem

328 1047 412 1078 iuris
445 1047 547 1087 periti
571 1047 715 1078 demum
740 1046 1047 1086 introduxerunt);
1081 1047 1139 1078 sed

327 1104 424 1134 aviae
450 1104 595 1134 fratrem
621 1107 684 1135 aut
701 1104 905 1143 simpliciter
923 1104 1139 1134 avunculum

326 1160 467 1200 dicunt,
505 1158 561 1199 (cf.
596 1160 691 1191 Suet.
725 1160 812 1200 Aug.
846 1159 877 1191 8.
913 1160 965 1191 lo.
1002 1159 1053 1192 (58.
1087 1160 1140 1191 94.

326 1215 402 1247 Tac.
440 1216 529 1247 Ann.
556 1215 662 1247 1143.
696 1216 747 1247 53.
782 1217 825 1248 IV
849 1216 879 1248 3.
914 1217 965 1248 75.
998 1217 1061 1248 xli
1087 1216 1140 1248 (34.

326 1271 457 1303 Seneca
490 1272 531 1303 ad
565 1272 683 1313 Polyb.
709 1272 768 1303 XV
792 1272 828 1312 4)
853 1277 917 1304 aut
945 1274 1141 1314 promiscue

326 1329 542 1359 avunculum
571 1339 740 1367 magnum
770 1329 833 1368 (sie
859 1329 925 1361 Cic.
946 1330 1041 1361 Brut.
1061 1329 1141 1367 222)

326 1385 380 1415 vel
414 1385 583 1415 maiorem
615 1378 800 1416 nominant
832 1385 889 1425 (cf.
923 1385 1019 1418 Suet.
1054 1387 1142 1427 Aug.

326 1440 354 1472 7.
382 1441 468 1472 Vell.
495 1442 524 1472 11
550 1440 609 1481 59,
634 1440 665 1472 3.
691 1441 822 1472 Seneca
852 1443 980 1483 apocol.
1011 1442 1070 1483 11,
1096 1441 1141 1481 3).

326 1498 509 1538 Augustus
527 1497 664 1529 Claudii
684 1500 882 1530 avunculus
900 1509 1050 1538 magnus
1068 1502 1144 1530 erat

328 1564 388 1594 per
426 1564 579 1585 sororem
617 1554 817 1594 Octaviam,
853 1555 967 1586 aviam
993 1554 1141 1586 Claudii.

373 1611 410 1642 ἰη
434 1615 629 1651 utramque
651 1616 794 1651 partem
830 1612 850 1642 i.
884 1622 912 1643 e.
943 1612 978 1642 in
1014 1612 1141 1642 bonam

326 1670 361 1698 et
394 1667 595 1707 mlversam,
627 1667 669 1698 ‹·f.
703 1667 771 1699 Cic.
804 1668 845 1699 de
874 1667 937 1699 Oll'.
966 1668 993 1699 ΙΙ
1019 1667 1056 1708 6,
1082 1667 1142 1700 ‘l9z

327 1723 500 1763 Masjnam
525 1725 597 1754 vim
623 1733 697 1755 esse
721 1724 759 1755 in
784 1724 1143 1764 sortunainutram-

327 1789 395 1819 que
426 1784 587 1820 partem,
624 1781 678 1812 vel
712 1781 884 1812 secundas
919 1781 966 1812 ad
1002 1791 1056 1812 res
1092 1782 1144 1812 vel

329 1837 499 1868 adversas
524 1839 607 1878 quis
631 1837 800 1879 ignorat?
832 1838 874 1869 ad
900 1838 972 1869 Att.
996 1837 1058 1877 15,
1081 1837 1145 1877 23,

326 1893 365 1925 1;
397 1895 580 1933 permulta
612 1895 704 1925 mihi
738 1895 781 1926 cle
807 1898 926 1925 nostro
952 1894 1081 1925 itinere
1108 1894 1144 1924 in

326 1955 520 1991 utramque
541 1955 687 1991 partem
711 1954 914 1982 accurrunt.
936 1950 979 1981 ad
997 1950 1068 1981 Att.
1083 1949 1121 1980 11
1137 1974 1144 1987 ,

327 2006 362 2048 G,
399 2007 435 2038 2:
473 2008 664 2038 Brundisii
690 2008 806 2038 iacere
830 2008 867 2038 in
883 2017 1004 2038 omnes
1020 2011 1143 2047 parles

329 2068 380 2095 esc
403 2064 606 2095 molestum.

371 2120 497 2160 capita.
546 2120 637 2151 locos
667 2120 729 2160 qui
753 2120 797 2151 ad
822 2119 1010 2151 Claudium
1037 2120 1144 2161 perti-

327 2180 430 2216 nent,
467 2177 519 2207 vel
553 2180 593 2206 ut
626 2176 786 2207 Bremius
819 2177 1021 2217 explicavit:
1054 2178 1145 2207 locos

327 2233 388 2274 qui
413 2233 454 2263 ad
480 2233 568 2263 hanc
587 2242 659 2263 rem
680 2233 824 2263 maximi
842 2233 1014 2264 momenti
1032 2236 1143 2263 erant.

327 2289 369 2320 cf.
395 2288 462 2320 Cic.
487 2289 584 2320 Brut.
608 2288 691 2320 164:
717 2290 836 2328 capita
862 2299 995 2320 rerum.

372 2346 486 2385 ipsius
521 2346 696 2386 epistulis.
745 2355 836 2386 quae
882 2345 997 2376 editae
1045 2348 1147 2376 erant

328 2401 384 2441 (cf.
409 2402 487 2433 Tac.
512 2402 591 2433 dial.
617 2400 669 2433 13.
707 2401 825 2439 Quint.
851 2402 876 2433 I.
902 2400 939 2433 O.
965 2401 1003 2442 1,
1029 2400 1067 2441 6,
1093 2400 1145 2446 19.

327 2458 365 2499 1,
392 2458 429 2499 7,
453 2458 521 2497 22).
548 2459 642 2499 Ipsas
666 2462 786 2489 tamen
811 2459 981 2498 inspicere
999 2458 1145 2489 fortasse

328 2515 428 2545 licuit
444 2514 628 2554 Suetonio,
655 2518 774 2555 utpote
791 2514 957 2545 Hadriani
976 2515 1146 2554 epistula-

329 2582 408 2602 rum
433 2572 600 2612 magistro
625 2570 721 2610 (Vita
745 2571 847 2602 Hadr.
873 2569 933 2610 ‘l2,
958 2569 1004 2609 3).

372 2629 477 2668 posui
517 2629 537 2659 i.
575 2638 602 2659 e.
639 2627 802 2668 apposui,
850 2630 889 2657 ut
925 2636 1026 2666 saepe
1063 2635 1144 2666 poe-

328 2688 382 2715 tas
417 2685 528 2716 secuti
562 2685 668 2715 huius
692 2684 818 2715 aetatis
842 2683 1025 2723 scriptores
1044 2692 1145 2722 prae-

333 2741 520 2781 positiones
545 2741 750 2771 omiserunt.

376 2801 412 2827 ut
436 2797 631 2828 mandasti.
662 2797 770 2837 igitur
794 2795 890 2826 Livia
920 2795 962 2826 ab
988 2795 1146 2835 Augusto

330 2853 477 2892 petierat
491 2856 531 2884 ut
545 2863 624 2884 cum
645 2852 780 2883 Tiberio
800 2853 889 2883 hanc
911 2861 982 2882 rem
1000 2860 1145 2891 perpen-

331 2909 446 2949 deret,
472 2909 592 2949 itaque
618 2909 768 2949 epistula
792 2909 921 2948 scriptu.
946 2911 999 2938 est
1025 2910 1099 2947 post
1116 2916 1146 2938 a.

331 2962 429 3003 757s4
471 2974 540 3004 quo
579 2964 738 2995 Tiberius
775 2965 961 3004 adoptatus
996 2968 1068 3003 est,
1104 2963 1145 2994 cf.

330 3030 471 3061 quoque
497 3030 571 3060 pag.
597 3019 648 3051 ‘l9.
673 3020 724 3051 20.
751 3020 804 3052 21.

377 3075 470 3106 ludis
496 3075 738 3107 Martialibus.
787 3076 873 3107 duos
897 3075 998 3106 ludos
1022 3075 1143 3106 Marti-

332 3132 404 3162 ales
428 3131 605 3172 novimus,
630 3132 759 3163 alteros
782 3132 974 3163 celebratos
997 3141 1026 3162 a.
1049 3131 1079 3161 d.
1104 3131 1146 3162 lv

1214 878 1291 909 idus
1334 878 1443 909 Maias
1487 877 1544 917 (cs.
1582 879 1656 910 Kal.
1692 878 1818 909 Malsei.
1855 878 1898 909 ad
1936 877 2030 909 hunc

1213 934 1320 965 diem:
1343 933 1464 973 Ludo)
1479 934 1637 974 Mai-cols)
1653 936 1686 966 in
1703 936 1807 966 circo.
1828 933 1924 966 Ovid.
1941 934 2033 965 Fasti

1214 990 1257 1030 Y,
1283 990 1364 1021 597:
1389 992 1576 1022 sollemnes
1599 991 1698 1021 ludos
1725 991 1818 1021 cit-co
1842 990 2032 1029 celebrate,

1216 1046 1395 1084 Quirites!
1420 1047 1480 1078 Dio
1499 1047 1558 1085 55,
1582 1046 1658 1086 ⁴10),
1683 1056 1770 1087 quos
1789 1046 2033 1077 Mommsenus

1214 1102 1249 1134 C.
1275 1103 1298 1134 Ι.
1324 1101 1376 1135 L.²
1400 1102 1416 1134 ¹1
1446 1114 1475 1143 p.
1500 1102 1565 1134 318
1604 1104 1785 1135 institutos
1819 1113 1894 1135 esse
1933 1106 2034 1144 putat

1213 1159 1256 1190 ob
1303 1159 1558 1190 dedicationem
1606 1160 1785 1191 aediculae
1832 1159 1953 1191 Martis
1997 1159 2033 1190 in

1215 1214 1383 1255 Capitolio
1409 1226 1437 1246 a.
1461 1215 1599 1256 7:34s20,
1625 1216 1666 1247 cs.
1683 1216 1743 1247 Dio
1756 1215 1818 1256 54,
1842 1214 1881 1256 83
1906 1217 2034 1247 alteros

1215 1271 1291 1302 Kal.
1338 1272 1425 1312 Aug.
1470 1273 1596 1312 editos,
1641 1272 1684 1302 cf.
1729 1272 1791 1303 Dio
1827 1271 1886 1312 60,
1921 1272 1959 1313 5,
1994 1272 2032 1303 3:

1214 1324 1250 1357 ἐν
1297 1324 1361 1368 γὰρ
1398 1324 1441 1369 ὁὶ]
1478 1331 1518 1368 τῇ
1554 1325 1760 1369 Αὐγούστου
1797 1326 1968 1369 νουμηνίᾳ
1991 1345 2034 1349 -—

1215 1381 1428 1424 ἠγωνίζοντο
1451 1381 1515 1424 μὲν
1541 1383 1637 1415 ἵπποι
1659 1402 1701 1406 —
1718 1383 1768 1415 ὅτι
1789 1382 1808 1414 ὁ
1831 1387 1890 1415 τοῦ
1903 1382 2034 1424 Ἄρεως

1215 1437 1297 1474 ναὸς
1328 1438 1364 1470 ἐν
1396 1439 1500 1481 ταύτῃ
1533 1438 1736 1481 καθιέρωτο
1767 1438 1826 1472 καὶ
1852 1439 1908 1472 διὰ
1933 1443 2034 1472 τοῦτο

1215 1494 1363 1537 ἐτησίοις
1395 1494 1526 1538 ἀγῶσιν
1557 1494 1753 1537 ἐτετίμητο,
1784 1497 1967 1528 institutos
1990 1495 2034 1527 ob

1217 1554 1470 1584 dedicationem
1516 1554 1639 1593 templi
1673 1553 1796 1584 Martis
1820 1553 1963 1584 'Ultoris
1997 1553 2034 1584 in

1218 1610 1289 1640 foro
1308 1610 1459 1650 Augusti
1484 1620 1514 1641 a.
1541 1608 1649 1650 752J2,
1675 1610 1717 1640 cf.
1743 1609 1939 1640 Mommsen
1965 1610 1985 1640 l.
2013 1609 2034 1640 1.

1217 1666 1286 1697 Hoc
1320 1667 1392 1696 loco
1423 1667 1464 1697 de
1498 1666 1590 1697 ludis
1623 1676 1652 1697 a.
1679 1666 1709 1697 d.
1743 1665 1787 1696 IV

1216 1723 1319 1753 editis
1354 1723 1582 1763 cogitandum
1619 1723 1776 1762 videtur,
1812 1732 1893 1753 nam
1929 1731 1971 1752 ex
1995 1731 2034 1752 eo

1217 1779 1309 1819 quod
1336 1779 1428 1809 infra
1452 1778 1652 1819 Augustus,
1679 1782 1864 1819 postquam
1883 1778 1924 1809 de
1943 1778 2036 1809 ludis

1822 1666 1901 1697 idus
1926 1665 2035 1696 Maias

1216 1835 1437 1867 Martialibus
1479 1835 1568 1876 egit,
1612 1835 1829 1866 mentionem
1865 1834 2035 1865 feriarum

1217 1891 1423 1922 Latinarum
1441 1891 1524 1922 facit
1539 1891 1776 1931 colligendum
1795 1894 1848 1922 est
1865 1891 1930 1922 hoe
1945 1900 2036 1921 anno

1217 1948 1321 1979 ferias
1352 1948 1429 1978 illas
1462 1952 1538 1988 post
1570 1948 1670 1979 ludos
1702 1947 1880 1978 Martiales
1912 1947 2037 1987 fuisse,

1218 2014 1280 2035 nec
1327 2004 1514 2034 verisimile
1558 2007 1612 2034 est
1653 2004 1757 2035 ferias
1793 2004 1934 2035 Latinas
1972 2003 2037 2034 hae

1218 2063 1333 2092 aetate
1359 2070 1478 2091 mense
1504 2060 1662 2101 Augusto
1687 2058 1772 2101 (quo
1791 2060 1935 2091 demum
1956 2059 2037 2090 inde

1218 2117 1261 2148 ab
1285 2126 1313 2148 a.
1339 2115 1456 2156 8242'711
1484 2117 1597 2148 factae
1622 2120 1723 2156 sunt,
1748 2117 1790 2148 cf.
1817 2116 1851 2148 C.
1877 2116 1901 2148 I.
1926 2116 1960 2147 L.
1987 2115 2031 2147 Vi

1218 2172 1320 2211 2016)
1347 2173 1471 2211 fuisse,
1496 2173 1538 2203 cf.
1565 2172 1760 2203 Mommsen
1780 2172 1878 2204 Rom.
1895 2172 2034 2203 Forscli.

1220 2230 1267 2269 ΙΙ,
1292 2229 1366 2260 105.
1393 2228 1428 2260 C.
1454 2229 1477 2260 Ι.
1504 2230 1538 2260 L.
1565 2229 1608 2259 VI
1634 2239 1664 2269 p.
1689 2228 1764 2260 455.

1262 2283 1389 2326 ἄρτιος.
1405 2286 1446 2317 cf.
1461 2282 1750 2326 Hesycl1.‹'i9nov.·
1776 2282 1868 2325 ὕγιες
1881 2281 2032 2324 ὁλόκλη-

1218 2353 1290 2382 ρον.
1320 2342 1362 2373 cf.
1388 2341 1565 2383 Crinagor.
1590 2341 1650 2382 ¹15,
1685 2340 1705 2371 3
1730 2340 1852 2380 (Anth.
1878 2341 1948 2372 Pal.
1975 2340 2036 2372 VH

1219 2398 1314 2438 376):

1218 2452 1327 2485 πάντα
1353 2451 1529 2488 Σέλευκος
1554 2450 1681 2493 ἄρτιος.

1363 2395 1405 2439 ἧν
1450 2396 1509 2429 ὅδε
1555 2395 1615 2429 καὶ
1649 2395 1795 2438 μύθοισι
1835 2394 1895 2428 καὶ
1934 2394 2036 2438 ἤθεσι

1264 2507 1479 2551 ὁλοκλήρως.
1535 2510 1627 2541 ludit
1678 2510 1860 2551 Augustus
1907 2510 2038 2542 addens

1218 2568 1387 2599 adiectivo
1421 2563 1581 2606 ,,ἀ’ρτιος”
1615 2567 1819 2598 adverbium
1844 2567 2037 2598 formatum

1220 2624 1262 2655 ab
1279 2623 1450 2655 adiectivo
1468 2623 1561 2663 quod
1576 2623 1725 2654 eandem
1746 2622 2037 2663 significationem
2096 2651 2098 2653 ,

1221 2680 1327 2712 habet
1363 2679 1420 2717 (ef.
1457 2680 1608 2719 glossam
1645 2678 1846 2720 Hesychii),
1889 2679 2037 2720 ideoque

1220 2737 1317 2767 addit
1343 2740 1379 2767 ut
1406 2737 1456 2767 ita
1480 2736 1611 2766 dicam.
1637 2734 1862 2774 (Coniectura
1886 2735 1929 2766 ab
1949 2734 2038 2766 Ern-

1222 2793 1309 2824 estio
1345 2792 1535 2833 proposita:
1576 2795 1609 2822 et
1647 2795 1684 2821 nt
1719 2792 1771 2822 ita
1805 2791 1923 2822 dicam
1960 2788 2037 2821 ὁλό-

1219 2847 1351 2889 κληρος
1385 2859 1454 2880 non
1492 2852 1544 2879 est
1577 2848 1792 2888 necessaria,
1829 2856 1912 2878 nam
1937 2857 2038 2878 voca-

1578 2903 1784 2943 significatio
1826 2904 1912 2935 satis
1955 2908 2038 2935 nota

1219 2964 1315 3001 erat,
1347 2964 1383 2991 et
1413 2970 1524 3001 aeque
1556 2960 1644 2991 bene
1677 2961 1712 2991 in
1747 2963 1903 2991 mentem
1928 2969 2037 3001 quam

1219 3019 1254 3049 in
1303 3028 1426 3059 corpus
1473 3018 1642 3059 quadrat,
1689 3016 1781 3058 quod
1829 3025 1898 3047 non
1944 3019 2037 3047 recte

1220 3075 1360 3115 negavit
1407 3074 1593 3105 Dorvillius
1641 3073 1732 3114 apud
1778 3071 1948 3105 WVolfium
1993 3072 2037 3103 ad

1220 3130 1313 3161 hunc
1346 3129 1489 3170 locum).
1532 3129 1616 3162 Sero
1651 3129 1796 3160 demum
1832 3125 2038 3170 ὁλοκλήρως

1219 2905 1294 2935 buli
1337 2902 1531 2944 ὁλόκληρος
