2138 3486
1143 138 1192 173 20

315 263 431 323 „filio
466 260 646 308 homine
682 259 766 306 sibi
798 258 921 306 affini
951 258 1212 317 admoneri,
1248 273 1304 305 ne
1339 257 1452 319 quid
1486 258 1625 306 faciat
1661 259 1784 320 quod
1815 258 2013 321 conspici

315 350 385 403 „et
446 342 643 390 derideri
705 340 861 404 possit.
924 340 1143 402 Spectare
1207 355 1312 386 eum
1372 339 1601 388 circenses
1654 356 1711 388 ex
1764 340 2018 403 pulvinari,

316 487 377 527 12,
401 486 440 525 2,
465 496 545 517 cum
571 486 642 517 cod.
670 489 708 517 ut
734 496 762 516 v.
782 486 822 517 vl.
850 485 1046 516 Boissevaiu
1074 494 1129 516 me

315 543 434 574 docuit
464 540 605 582 Σιλανῷ
638 542 820 583 praebeat,
853 541 1027 572 incertum
1058 544 1129 581 est,

317 603 437 630 utrum
491 597 676 638 Σιλουανῷ
723 598 946 629 scribendum
995 597 1040 628 sit
1086 607 1129 628 an

317 653 481 695 Σιλιανῴ,
506 655 548 685 cs.
576 654 660 685 Vell.
676 654 703 685 II
722 652 804 693 116,
829 653 876 694 4),
894 657 928 685 et
947 654 1129 694 proconsul

316 711 417 742 Asiae
443 711 511 742 fuit
534 709 590 750 (cf.
617 711 745 742 Erkhel
771 711 802 741 d.
829 721 862 741 n.
877 710 907 741 11
925 709 999 741 467.
1023 710 1130 742 Wad-

316 768 461 808 ‹lington
498 768 604 798 fustes
647 778 678 797 n.
719 766 788 806 64).
833 766 944 797 Huius
977 767 1128 807 elogium

318 823 487 855 habemus
513 833 615 864 prope
639 822 748 854 Tibur
765 823 806 854 ad
826 826 967 863 pontem
989 823 1132 854 Anienis·

316 881 437 920 <ponte
470 878 624 917 Lucano)
659 880 731 911 loco
764 879 909 920 antiquo
941 884 1023 910 ante
1057 890 1131 910 mo-

317 939 528 967 uumentum
549 935 766 966 I'Iautiorum
786 938 983 976 repertum,
1001 936 1042 967 cs.
1057 935 1091 967 C.
1108 936 1130 967 Ι.

318 992 353 1023 L.
377 992 453 1023 XIV
465 990 554 1023 3606
576 1002 614 1018 z
638 992 731 1023 Dess.
747 1002 778 1023 n.
793 990 875 1023 921:
903 991 948 1023 M.
964 992 1132 1024 Plancius

317 1048 364 1079 M.
399 1048 424 1088 f.
458 1048 499 1079 A.
524 1059 559 1080 η.
584 1048 751 1080 Silvanus
783 1058 847 1080 cos.
879 1048 947 1079 VII
967 1050 1023 1080 vir·
1046 1059 1132 1090 epu-

317 1103 481 1144 lon(zem).
507 1105 600 1136 Huic
613 1110 756 1137 senatus
772 1106 1012 1146 triumphalia
1025 1116 1132 1137 orna-

318 1165 439 1193 menta
467 1161 619 1193 decrevit
650 1162 691 1193 ob
724 1172 778 1193 res
813 1163 852 1193 in
883 1161 1017 1202 [lyrico
1049 1163 1134 1194 bene

316 1222 442 1258 qestas.
474 1218 603 1250 Lar-tia
638 1218 688 1250 Cn
715 1219 739 1259 f.
765 1228 867 1250 uxor.
898 1219 941 1250 A.
966 1219 1133 1251 Plautius

317 1274 364 1306 M.
391 1274 417 1314 f.
448 1273 670 1314 Uryulanius
695 1276 787 1306 vixit
811 1286 886 1307 ann
909 1275 970 1307 IX.

363 1331 477 1362 Mater
501 1330 633 1362 Silvani
657 1329 715 1370 (cf.
740 1331 969 1372 Nipp.-Andr.
994 1332 1033 1362 ad
1054 1332 1132 1364 Tac.

318 1387 408 1418 Anu.
442 1387 484 1417 IV
517 1385 575 1425 22)
610 1387 801 1428 Urgulania
833 1393 887 1420 est
915 1392 998 1420 nota
1022 1389 1132 1419 amica

319 1444 434 1475 Liviae
458 1441 515 1483 (cf.
534 1443 612 1475 Tac.
630 1445 719 1476 Ann.
738 1444 767 1475 II
785 1444 837 1476 34.
858 1445 901 1475 IV
919 1444 958 1476 21
980 1444 1058 1485 sss).

363 1499 448 1540 filio.
507 1499 569 1530 filii
608 1499 739 1531 Silvani
774 1502 927 1533 consulis
969 1511 997 1533 a.
1035 1499 1133 1541 75212

317 1556 464 1587 fuerunt
497 1556 542 1587 M.
579 1556 739 1587 Plautius
775 1556 956 1597 Silvanus,
997 1562 1134 1598 praetor

320 1612 476 1644 urbanus
500 1623 529 1644 a.
556 1611 676 1652 777124
701 1611 758 1650 (cf.
784 1613 864 1645 fasti
889 1614 1032 1645 Arvales
1053 1613 1088 1645 C.
1109 1615 1132 1645 I.

319 1669 353 1700 L.
391 1667 421 1700 I2
454 1668 471 1700 1
510 1680 539 1709 p.
577 1668 635 1700 7'1:
679 1669 726 1700 M.
763 1669 931 1701 Plautius
966 1670 1134 1702 Siluanus

321 1724 511 1763 armanus)
534 1735 578 1756 se.
593 1728 750 1766 praetor,
771 1726 812 1757 cf.
824 1726 902 1758 Tac.
916 1726 1005 1758 Ann.
1020 1726 1063 1757 IV
1075 1726 1118 1757 22

319 1786 354 1812 et
386 1782 420 1813 P.
457 1781 616 1812 Plautius
654 1782 820 1823 Pan-ner,
856 1783 916 1823 qui
953 1783 988 1814 in
1023 1783 1134 1823 elogio

318 1848 380 1869 suo
405 1836 456 1877 (C.
482 1837 506 1868 Ι.
534 1837 568 1868 L.
594 1837 671 1868 XIV
695 1836 781 1870 3607
808 1849 847 1865 =
875 1837 970 1870 Dess.
996 1849 1029 1870 n.
1053 1837 1134 1877 964)

319 1895 540 1926 nominatur:
569 1894 804 1934 triumphalis
829 1895 926 1935 filius
947 1894 1138 1935 azeyurIII

318 1952 374 1981 vir
397 1961 428 1982 α.
446 1961 477 1982 α,
507 1961 538 1982 α.
565 1950 590 1990 f.
605 1950 630 1990 f.
645 1950 841 1991 ([(ιιαεείον)
859 1952 908 1983 Τι’.
931 1951 1026 1983 Caes.
1041 1951 1133 1992 Any.

325 2007 354 2038 V
383 2008 537 2039 consulis
569 2006 721 2047 (784131)
749 2012 791 2039 ιν.
814 2009 862 2047 pl.
886 2007 1063 2048 prmum-'l
1087 2009 1134 2039 acl

319 2061 547 2102 aerar(ium).
584 2063 660 2094 Filii
696 2063 827 2095 Silvani
862 2074 932 2095 non
963 2064 1062 2095 fuere
1095 2064 1132 2095 A.

319 2120 479 2151 Plautius
508 2129 574 2151 cos.
606 2129 635 2150 a.
666 2118 803 2159 772129,
835 2124 870 2151 et
903 2120 940 2157 Q.
974 2121 1134 2152 Plautius

319 2186 385 2207 cos.
417 2186 446 2207 a.
480 2175 618 2217 789136,
649 2175 751 2217 (quos
782 2177 946 2217 equidem
980 2177 1134 2217 suspicor

321 2232 408 2264 lilios
432 2233 540 2264 fnisse
566 2231 661 2272 (Ast)
688 2233 815 2264 Plautii
841 2233 1009 2273 praetoris
1034 2243 1131 2273 pere-

320 2289 411 2329 grini
447 2299 475 2320 a.
513 2288 629 2330 75512,
662 2289 786 2321 cf.fast.
822 2289 899 2320 Arv.
933 2289 968 2321 C.
995 2288 1133 2321 1.L.12

321 2357 349 2386 p.
379 2345 462 2386 70),
513 2356 627 2387 neque
667 2345 739 2377 Tib.
777 2346 936 2377 Plautius
973 2345 1136 2377 Silvanus

320 2402 500 2442 Aelianus,
530 2413 595 2434 cos.
619 2400 740 2441 798145
766 2402 808 2433 cf.
834 2401 869 2433 C.
898 2402 919 2433 Ι.
946 2402 980 2433 L.
1006 2402 1035 2433 X
1059 2401 1134 2446 825.

320 2458 405 2498 Eph.
437 2459 545 2499 Epigr.
574 2458 594 2489 3
624 2469 652 2499 p.
682 2458 764 2499 204,
798 2459 826 2490 is
850 2459 943 2490 enim
970 2459 1136 2499 patricius

321 2515 388 2546 fuit
412 2515 452 2546 cf.
479 2516 610 2546 Dessau
636 2515 671 2547 C.
694 2516 716 2546 I.
740 2515 775 2546 L.
800 2515 878 2546 XIV
902 2524 932 2554 p.
957 2514 1040 2555 394,
1066 2524 1135 2555 quo

322 2571 450 2602 honore
482 2571 568 2603 filios
593 2571 745 2602 consulis
771 2581 799 2602 a.
826 2569 923 2610 75212
949 2570 1136 2602 destitutos

321 2628 428 2659 fuisse
452 2638 493 2659 ex
517 2638 556 2659 eo
582 2631 677 2668 patet
697 2628 790 2668 quod
813 2627 972 2658 Plautius
987 2626 1137 2657 Pulcher

321 2685 502 2716 tribunatu
533 2685 678 2715 functus
703 2683 781 2723 est).

367 2741 497 2772 Horum
531 2741 679 2772 duorum
712 2739 842 2772 Siivani
875 2738 1031 2770 filiorum
1064 2739 1135 2769 iam

322 2796 529 2837 videndum,
548 2801 667 2828 utrum
684 2797 864 2837 Augustus
878 2794 1135 2836 significaverit.

324 2852 357 2883 P.
373 2852 532 2883 Plautius
544 2853 692 2883 Pulcher
704 2853 774 2884 fuit
786 2856 951 2893 quaestor
964 2861 993 2882 a.
1004 2849 1136 2890 784131.

324 2908 437 2948 Nepos
462 2912 580 2940 autem
597 2909 828 2950 Urgulaniae,
849 2918 929 2939 cum
943 2907 1017 2939 sine
1032 2907 1137 2938 dubio

323 2975 386 2996 suo
411 2965 446 3003 ti.
472 2975 500 2996 e.
524 2965 686 2996 vicesimo
705 2964 844 3006 quinto)
862 2973 952 2995 anno
972 2967 1138 3004 quaestor

324 3022 438 3052 factus
470 3021 532 3061 sit,
565 3031 594 3051 a.
629 3020 727 3060 75916
760 3024 865 3051 natus
897 3023 959 3050 est.
993 3019 1041 3050 De
1074 3019 1138 3050 hoc

321 3077 431 3117 igitur
454 3076 635 3117 Augustus
658 3077 808 3117 cogitare
826 3086 894 3107 nou
914 3076 1036 3116 potuit.
1066 3076 1136 3106 Ita-

324 3143 392 3174 que
418 3136 526 3163 restat
550 3132 593 3163 M.
620 3133 779 3163 Plautius
802 3132 985 3172 Silvanus,
1010 3142 1136 3172 quem,

1204 488 1323 525 utpote
1367 488 1563 525 praetorem
1604 495 1633 516 a.
1672 483 1810 525 777124,
1855 496 1884 516 a.
1920 483 2017 525 74717

1204 544 1326 572 natum
1368 550 1443 572 esse
1479 541 1521 572 ob
1556 550 1700 572 causam
1740 550 1845 582 supra
1888 541 2018 572 dictam

1205 607 1312 637 paene
1337 601 1472 628 certum
1498 601 1561 629 est.
1600 598 1678 629 Fuit
1702 596 1838 629 Claudii
1862 598 2020 638 aequalis

1204 651 1331 684 (tribus
1364 657 1503 684 tautum
1538 654 1639 684 annis
1672 654 1786 684 minor
1818 652 1940 694 natus)
1965 658 2019 694 et,

1206 712 1243 739 ut
1287 709 1380 740 silius
1415 710 1615 750 septemviri
1651 711 1827 751 epulonis,
1868 710 2020 741 maxime

1204 765 1368 806 idoneus,
1394 766 1453 806 qui
1479 765 1665 797 Claudium
1692 767 1850 806 doceret,
1875 767 2019 808 quaein

1204 822 1317 862 epulis
1358 825 1450 853 recte
1488 823 1665 853 struendis
1699 822 1859 854 sarienda
1894 827 2022 854 essent.

1206 877 1321 908 Piiore
1349 888 1453 909 uxore
1479 878 1584 909 Fabia
1598 878 1818 910 Numantina
1835 876 1891 918 (ad
1912 889 2018 920 quam

1205 937 1339 974 spectat
1390 934 1490 965 inscr.
1539 934 1712 966 Lunensis
1754 934 1789 965 (¹.
1835 934 1858 965 1.
1903 934 1939 966 L.
1975 934 2022 966 XI

1204 989 1291 1022 1362
1325 1001 1363 1018 =
1390 991 1483 1022 Dess.
1509 1001 1541 1022 n.
1567 990 1647 1030 935)
1682 991 1884 1032 repudiata,
1923 991 2024 1023 duxit

1205 1047 1368 1079 Silvanus
1410 1047 1598 1088 Aproniam
1642 1048 1749 1079 filiam
1795 1047 1829 1078 L.
1875 1047 2019 1088 Apronii

1205 1113 1272 1134 ros.
1303 1104 1380 1134 suss'.
1411 1114 1439 1134 a.
1472 1102 1587 1144 76118,
1618 1114 1724 1144 quam
1751 1113 1831 1136 eum
1853 1114 1883 1136 a.
1902 1103 2023 1144 777124

1206 1159 1241 1190 in
1277 1169 1439 1200 praeceps
1478 1160 1633 1200 iecisset,
1674 1161 1710 1191 iu
1751 1161 1824 1201 ipsa
1858 1164 2024 1201 praetura

1206 1225 1312 1246 venas
1344 1216 1512 1247 secandas
1545 1216 1705 1257 praebuit
1736 1215 1793 1255 (cf.
1828 1216 1906 1248 Tac.
1931 1217 2022 1249 Anu.

1206 1272 1251 1303 lv
1291 1271 1360 1311 22).
1397 1271 1563 1304 Ceterum
1605 1282 1645 1303 ex
1684 1273 1747 1303 hoc
1783 1273 1857 1304 loco
1893 1282 2023 1304 novum

1205 1328 1401 1359 subsidium
1719 1329 1761 1360 ad
1819 1329 2022 1360 solvendam

1207 1385 1468 1425 quaestionem,
1483 1395 1503 1426 q
1511 1385 1623 1416 uaudo
1638 1386 1722 1417 haec
1736 1386 1887 1426 epistula
1896 1386 2024 1427 scripta

1207 1440 1270 1479 sit,
1305 1449 1387 1470 nam
1422 1450 1501 1472 eum
1536 1440 1717 1473 Silvanum
1743 1446 1862 1483 togam
1887 1442 2023 1474 virilem

1205 1496 1275 1527 iam
1327 1496 1516 1536 sumpsisse
1570 1508 1709 1529 necesse
1761 1500 1822 1540 sit,

1467 1329 1656 1369 accipimus

1873 1508 2024 1540 eamque

1207 1553 1350 1584 demum
1384 1557 1523 1584 sextum
1548 1555 1602 1585 vel
1627 1555 1823 1595 septimum'
1843 1555 2023 1587 decimum

1207 1619 1340 1640 annum
1372 1610 1498 1641 aetatis
1531 1610 1710 1651 ingressus
1743 1610 1801 1651 (cf.
1835 1611 1946 1652 Marq.
1983 1611 2022 1643 V.

1207 1666 1296 1697 Priv.
1330 1664 1360 1697 Ι2
1395 1676 1423 1706 p.
1464 1665 1529 1697 128
1561 1666 1629 1708 sq.)
1669 1678 1810 1700 sumere
1850 1668 2023 1709 potuerit,

1207 1726 1303 1762 patet
1343 1723 1531 1763 epistularu
1569 1723 1734 1765 scriptam
1770 1734 1845 1756 esse
1880 1727 1958 1765 post
1991 1734 2022 1756 a.

1208 1777 1328 1818 763110
1352 1780 1406 1810 vel
1430 1780 1538 1811 etiam
1565 1784 1641 1820 post
1665 1790 1693 1812 a.
1719 1779 1850 1821 764111.

1252 1836 1398 1867 homine
1414 1836 1482 1867 sibi
1500 1836 1619 1876 affini.
1656 1846 1877 1877 quamquam
1902 1836 2026 1878 negari

1207 1901 1276 1923 non
1299 1895 1430 1932 potest,
1460 1891 1624 1924 Claudios
1641 1892 1797 1924 Nerones
1821 1892 2026 1924 coniunctos

1207 1948 1314 1980 fuisse
1333 1959 1413 1979 cum
1433 1948 1579 1979 Plautiis
1597 1948 1746 1980 Silvanis
1764 1946 1933 1988 (profecto
1954 1957 2024 1979 nou

1207 2014 1267 2045 per
1302 2005 1551 2045 Urgulaniam,
1584 2014 1664 2035 cuni
1697 2004 1838 2035 Tacitus
1862 2005 1884 2036 l.
1911 2005 1933 2036 l.
1959 2004 2023 2035 hoc

1207 2070 1276 2091 non
1307 2060 1514 2101 omisisset),
1549 2060 1605 2092 hic
1628 2061 1725 2092 locus
1748 2064 1870 2092 tamen
1895 2061 2023 2092 melius

1206 2117 1254 2148 ita
1273 2117 1499 2158 explicandus
1518 2127 1591 2148 esse
1611 2117 1766 2158 videtur,
1791 2120 1832 2148 ut
1849 2117 2024 2148 Plautiam

1208 2174 1465 2214 Urgulanillam
1479 2199 1485 2214 ,
1504 2184 1657 2204 sororei‘u
1671 2173 1715 2205 M.
1730 2173 1859 2204 Plautii
1873 2173 2018 2214 Silvani,

1207 2240 1246 2261 eo
1288 2235 1464 2271 tempore,
1510 2240 1579 2271 quo
1613 2231 1764 2271 epistula
1797 2230 1924 2271 scripta
1959 2230 2022 2271 sit,

1208 2286 1352 2317 Claudio
1392 2287 1462 2318 iam
1498 2286 1657 2327 nupsisse
1694 2290 1757 2317 aut
1792 2287 1919 2317 saltem
1954 2286 2024 2317 iam

1208 2343 1414 2383 desponsam
1451 2343 1558 2374 fuisse
1595 2345 1761 2383 putemus
1797 2342 1853 2382 (ef.
1890 2353 1917 2374 c.
1949 2342 2026 2384 26),

1208 2400 1300 2440 quod
1344 2404 1465 2430 tamen
1508 2402 1590 2430 ante
1631 2408 1767 2430 annum
1804 2398 1925 2439 763110
1951 2399 2025 2431 sieri

1209 2457 1260 2487 vix
1288 2456 1403 2496 potuit
1427 2454 1484 2495 (cf.
1510 2454 1618 2494 ibid.).

1252 2513 1409 2553 conspici
1442 2512 1460 2543 i.
1495 2522 1523 2543 e.
1561 2513 1678 2543 oculos
1707 2511 1896 2543 hominum
1928 2512 1965 2543 in
1989 2521 2026 2543 se

1208 2570 1348 2600 trahere
1381 2572 1420 2599 ut
1452 2568 1543 2599 infra
1574 2570 1815 2610 conspicietur
1843 2569 1886 2601 cf.
1911 2568 2027 2609 Nepos

1209 2627 1279 2656 Att.
1312 2625 1350 2656 5:
1388 2629 1425 2655 ut
1452 2626 1490 2656 in
1513 2630 1684 2657 neutram
1706 2630 1851 2666 partem
1871 2625 2027 2666 conspici

1209 2687 1334 2722 posset.
1359 2681 1449 2713 Male
1476 2681 1627 2713 Krall'ert
1654 2681 1811 2722 beitrage
1833 2691 1895 2712 zur
1913 2681 2026 2712 Kritik

1209 2738 1283 2770 Lat.
1315 2738 1396 2769 Aut.
1433 2738 1579 2776 (Aru-ich
1611 2736 1714 2777 1882)
1747 2737 1778 2768 Π
1811 2747 1841 2778 p.
1867 2736 1933 2768 100
1966 2747 2026 2778 pro

1209 2795 1363 2834 conspici
1411 2794 1546 2834 corripi
1592 2792 1782 2833 legendum
1826 2802 1901 2823 esse
1943 2802 2025 2824 cen-

1209 2851 1297 2891 suit,
1352 2851 1443 2891 quod
1488 2854 1581 2882 esset
1616 2849 1767 2891 Augusti
1802 2858 1872 2880 non
1908 2849 2026 2880 convi-

1211 2907 1381 2937 vantium.

1255 2973 1300 2994 ωε
1328 2963 1528 3003 pulvinari.
1576 2962 1758 3003 Augustus
1790 2961 1952 3002 pulvinar
1983 2962 2025 2993 ad

1209 3019 1341 3050 circum
1381 3018 1575 3050 Maximum
1616 3017 1861 3049 aedificaverat
1889 3016 2026 3057 (cf.Mo-

1211 3085 1307 3106 num.
1333 3075 1460 3116 Ancyr.
1485 3074 1530 3106 IV
1554 3074 1591 3106 4:
1622 3075 1795 3114 pulvinar
1817 3074 1865 3105 ad
1888 3075 2023 3105 circum

1210 3131 1443 3171 J[a.c1·mum)‚
1467 3141 1508 3162 ex
1533 3141 1603 3171 quo
1627 3140 1707 3162 cum
1732 3140 1838 3161 uxore
1856 3134 1892 3161 et
1909 3129 2027 3162 liberis
