2081 3569
901 293 972 330 119

86 417 354 480 publii-avit:
392 416 596 478 ingratos
630 423 674 463 et
709 415 765 463 de
801 415 970 478 quibus
1006 416 1180 478 patroni
1219 422 1520 477 quererentur
1546 414 1778 462 revocavit

86 499 129 547 in
166 499 432 547 servitutem
469 499 797 561 advocatisque
832 514 987 546 eornm
1027 498 1234 559 negavit,
1270 514 1319 545 se
1344 497 1572 545 adversus
1596 498 1783 545 libertos

84 582 286 646 ipsorum
325 582 395 629 ius
429 582 669 629 dicturum.
722 583 839 629 Cum
876 581 1063 642 quidam
1099 596 1242 642 aegra
1277 588 1321 628 et
1355 583 1520 628 affecta
1555 580 1783 643 mancipia

86 665 130 713 in
177 665 375 712 insulani
424 664 689 726 Aesculapii
727 663 878 711 taedio
913 663 1124 710 medendi
1163 670 1466 725 exponerent,
1513 679 1671 710 omnes
1705 664 1781 726 qui

138 772 217 811 Dio
248 776 320 819 Μ),
352 774 419 816 13,
453 774 489 810 2.

83 842 150 884 ἐπὶ
183 847 249 884 τοῦ
285 843 401 884 Γαΐου
433 847 511 888 τοῖς
543 841 758 886 δεσπόταις
791 844 903 893 σφῶν
936 841 1335 903 ἐπιβουλεύσαντας,
1370 841 1460 886 τούς
1482 856 1526 881 τε
1550 842 1620 888 την
1646 840 1782 887 ἄλλως

547 771 636 816 τοὺς
679 787 722 811 τε
765 768 1065 821 ἀπελευθέρους
1098 770 1187 816 τοὺς
1219 770 1289 811 ἐπί
1319 786 1362 810 τε
1395 774 1462 811 τοῦ
1495 770 1683 821 Τιβερίου
1715 770 1782 811 καὶ

84 914 477 967 συκοφαντησαντάς
520 928 631 958 τινας
674 912 694 960 ἢ
737 912 805 953 καὶ
849 910 1431 964 καταψευδομαρτυρησαντάς
1475 927 1608 959 τινων,
1657 912 1784 959 δεινῶς

83 985 235 1035 ἐμίσει,
278 985 345 1025 καὶ
387 985 515 1025 αὐτῶν
560 983 650 1028 τοὺς
683 983 756 1032 μὲν
791 984 953 1028 πλειόυς
985 981 1105 1027 οὕτως
1139 983 1204 1038 (ἐν
1237 982 1537 1038 μονομαχίαις)
1571 983 1782 1031 ἀνήλισκε,

82 1055 173 1102 τοὺς
215 1055 256 1096 δὲ
299 1052 427 1106 ἔτερόν
470 1069 559 1095 τινα
604 1053 748 1105 τρόπον
790 1053 984 1108 ἐκόλαζε,
1034 1053 1211 1099 πολλοὺς
1250 1053 1291 1094 δὲ
1336 1053 1404 1094 καὶ
1447 1058 1528 1099 τοῖς
1571 1053 1785 1102 δεσπόταις

82 1128 217 1172 αὐτοῖς
249 1126 317 1167 ἐπὶ
349 1125 517 1179 τιμωρίᾳ
552 1124 783 1176 παρεδίδου.

135 1198 215 1237 Dio
245 1200 317 1246 60,
350 1198 426 1244 28,
457 1199 486 1234 Ι.
543 1197 710 1247 ἐπῄνουν
753 1195 820 1236 καὶ
863 1197 906 1243 νὴ
953 1194 1032 1236 Δία
1064 1195 1132 1236 καὶ
1166 1195 1285 1236 ἐκεῖνο
1319 1193 1375 1236 ὅτι
1409 1194 1647 1247 ἐντυχόντος
1679 1195 1780 1241 τινὸς

83 1273 164 1315 τοῖς
206 1267 434 1320 δημάρχοις
476 1266 586 1308 κατα
628 1271 696 1309 τοῦ
739 1264 1132 1320 ἐξελευθερώσαντος
1174 1265 1320 1313 αὐτόν,
1364 1266 1433 1307 καὶ
1476 1264 1672 1317 ὑπηρέτην
1714 1266 1780 1306 ἐπ’

82 1340 198 1382 αὐτὸν
240 1340 482 1389 αἰτήσαντος
523 1338 592 1379 καὶ
636 1337 854 1388 λαβόντος,
898 1337 1182 1387 ἠγανάκτησε,
1226 1336 1293 1378 καὶ
1335 1337 1478 1378 ἐκεῖνόν
1516 1353 1560 1378 τε
1592 1336 1660 1378 καὶ
1693 1337 1782 1378 τοὺς

82 1409 456 1465 συνεξετασθέντας
497 1410 605 1462 αὐτῷ
648 1408 842 1456 ἐκόλασε,
885 1409 953 1450 καὶ
992 1409 1148 1460 προσέτι
1181 1409 1249 1450 καὶ
1281 1408 1536 1461 ἀπηγόρευσε
1567 1407 1669 1458 μηδὲ
1703 1413 1782 1454 τοῖς

82 1481 179 1524 οὕτω
213 1482 337 1539 (τισιν
370 1481 879 1531 Baumgarten—Crusius,
913 1481 1068 1530 μηδένα
1103 1481 1202 1537 (hoc
1229 1481 1308 1519 iam
1335 1480 1505 1536 Reiske)
1529 1483 1609 1526 τοῖς
1631 1479 1784 1525 δούλοις

82 1553 265 1610 Reimar)
300 1553 412 1594 κατὰ
444 1556 518 1594 τῶν
553 1551 904 1594 δεσποτευσάντων
938 1553 1068 1593 αὐτῶν
1102 1549 1288 1602 βοηθεῖν,
1321 1551 1353 1592 εἶ
1385 1550 1426 1592 δὲ
1453 1551 1529 1601 μη,
1563 1549 1780 1602 στερέσθαι

82 1629 148 1667 τοῦ
182 1624 288 1673 δίκην
321 1624 466 1670 αὐτοὺς
499 1622 642 1675 ἑτέροις
676 1622 922 1675 λαγχάνειν.

138 1697 214 1735 Dio
245 1699 317 1745 60,
350 1698 422 1744 29,
455 1698 492 1734 2.
550 1695 639 1741 τοὺς
687 1694 822 1745 μέντοι
869 1694 1104 1746 ἀλλοτρίους
1150 1693 1450 1746 ἀπελευθέρους
1498 1694 1514 1734 0‘
1561 1693 1782 1741 Κλαύδιος,

81 1767 118 1810 εἴ
148 1783 223 1809 που
255 1771 579 1819 κακουργοῦντας
612 1766 754 1816 λάβοι,
799 1766 928 1811 δεινῶς
960 1766 1160 1817 τιμωρῶν,
1204 1769 1284 1811 τοῖς
1317 1764 1419 1812 ἰδίοις
1449 1789 1504 1796 -
1540 1763 1781 1816 προσέκειτο.

134 1840 366 1878 Mareianus
403 1839 494 1888 Diy.
527 1841 598 1886 37,
638 1841 706 1886 14,
743 1841 778 1876 5.
835 1838 960 1876 Divus
1004 1837 1194 1876 Claudius
1236 1837 1443 1885 libertum,
1486 1836 1554 1887 qui
1595 1837 1782 1886 probatus

81 1911 157 1950 fuit
193 1915 355 1962 patrono
385 1911 580 1949 delatores
610 1909 878 1957 summisisse,
917 1908 985 1959 qui
1015 1908 1064 1947 de
1094 1912 1199 1946 statu
1228 1908 1314 1947 eius
1342 1908 1517 1946 facerent
1545 1907 1580 1946 ei
1610 1906 1782 1958 quaesti-

81 1995 194 2022 onem
224 1995 382 2022 servum
411 1981 563 2033 patroni
593 1993 680 2020 esse
709 1981 826 2019 iussit
854 1992 945 2019 eum
974 1980 1170 2018 libertum.

79 2110 151 2150 pit,
186 2113 226 2140 ut
253 2108 352 2149 apud
377 2108 572 2139 Claudium
594 2117 775 2139 censorem
806 2116 897 2139 unus

81 2176 126 2199 ex
158 2166 338 2207 equitibus
382 2164 527 2196 Flavius
570 2165 743 2196 Proculus
786 2163 898 2195 CCCC

80 2233 125 2255 esc
147 2233 189 2255 ea
211 2232 319 2254 caiisa
343 2231 420 2253 reos
442 2222 651 2262 postularet.

123 2279 317 2320 publicavit
341 2279 362 2310 i.
388 2288 416 2309 e.
442 2278 477 2309 in
501 2277 707 2309 servitutem
729 2276 894 2308 vendidit.

81 2335 178 2374 Quod
212 2345 233 2367 a
256 2333 401 2367 claudio
426 2344 495 2365 non
520 2337 560 2365 ut
582 2342 724 2365 censore
745 2331 894 2372 (censori

81 2392 173 2424 enim
229 2391 299 2423 tale
345 2391 400 2422 ius
446 2400 515 2421 non
563 2389 664 2430 fuit),
720 2389 752 2420 id
799 2389 892 2430 quod

79 2447 195 2489 colligi
242 2450 356 2488 posset
396 2457 436 2478 ex
480 2447 554 2478 loco
598 2445 756 2477 Pliniano
793 2445 893 2477 modo

79 2505 205 2544 allato,
227 2503 285 2535 sed
315 2506 353 2534 ut
377 2503 528 2543 principe
552 2502 684 2533 factum
709 2512 784 2533 esse
802 2506 893 2534 reete

80 2560 327 2593 animadvertit
353 2559 547 2591 Mommsen
571 2558 651 2591 StR.
680 2558 847 2590 111424A
862 2558 892 2589 4.

127 2619 300 2657 inqratos.
329 2619 474 2657 patrono
498 2625 560 2647 suo
586 2615 770 2647 libertinus
795 2624 892 2645 reve-

81 2673 230 2705 rentiam
264 2676 299 2703 et
330 2671 538 2712 obsequium
571 2674 746 2711 praestare
771 2670 892 2710 debet,

80 2731 122 2762 vs.
162 2729 296 2770 Ulpian.
334 2728 406 2769 Dig.
439 2726 500 2767 37,
531 2726 591 2767 15,
621 2725 660 2758 9:
698 2726 836 2758 Liberto
860 2730 893 2757 ec

81 2787 156 2827 filio
186 2794 326 2825 semper
358 2784 501 2816 honesta
533 2787 566 2815 et
595 2787 718 2814 sancta
740 2791 895 2823 persona

78 2842 197 2884 patris
242 2851 284 2872 ac
324 2840 470 2881 patroni
515 2839 628 2871 videri
670 2839 779 2870 debet.
827 2838 891 2876 Qui

80 2898 288 2939 obsequium
333 2895 440 2937 (quod
484 2895 567 2936 quid
611 2895 656 2926 sit
691 2895 767 2926 vide
801 2896 890 2935 apud

82 2954 241 2986 Karlowa
274 2953 294 2984 l.
320 2952 340 2983 l.
372 2962 402 2992 p.
434 2950 499 2982 143
523 2961 592 2991 sq.,
625 2950 722 2982 Rein.
747 2950 891 2982 Privatr.

81 3021 111 3052 p.
147 3009 212 3042 599
247 3010 274 3041 Α
309 3008 345 3048 1)
381 3017 448 3039 non
493 3006 718 3048 praestabant
757 3007 892 3047 inyrati

81 3065 355 3098 nominabantur
389 3063 498 3102 (male
527 3063 676 3094 meritos
705 3072 763 3093 eos
795 3065 893 3093 vocat

81 3122 158 3154 Tac.
192 3121 280 3153 Ann.
304 3120 382 3152 Xlll
407 3118 483 3159 26),
514 3119 556 3150 cf.
582 3118 655 3159 Dig.
679 3117 739 3159 37,
771 3116 831 3157 14,
855 3116 893 3149 9:

82 3178 254 3219 Ingratus
277 3177 424 3208 libertus
447 3179 516 3215 est,
541 3176 603 3215 qui
627 3178 780 3215 patrono
796 3174 895 3205 obse-

81 3234 210 3275 quium
242 3243 314 3265 non
338 3235 515 3273 praestat,
545 3231 598 3262 vel
622 3240 677 3262 res
701 3231 776 3262 eius
802 3229 894 3270 filio-

82 3299 206 3322 rumve
237 3289 389 3321 tutelam
419 3287 680 3320 administrare
709 3287 895 3318 detractae.

1014 2107 1188 2138 revocavit
1213 2107 1249 2137 in
1274 2106 1492 2137 seruitutem.
1528 2106 1562 2136 in
1597 2105 1660 2137 liae
1691 2115 1780 2146 quo-

969 2172 1037 2204 que
1066 2172 1102 2194 re
1127 2162 1295 2194 Claudius
1318 2163 1510 2204 legitimam
1537 2171 1682 2202 poenam
1707 2161 1781 2192 sine

969 2219 1072 2251 dubio
1125 2229 1370 2260 supergressus
1419 2223 1490 2258 est,
1544 2227 1624 2249 nam
1667 2217 1780 2248 adhuc

971 2275 1106 2316 Ulpiani
1132 2279 1247 2307 aetate
1271 2275 1401 2316 ingrati
1425 2275 1485 2315 qui
1506 2284 1631 2305 manus
1649 2273 1780 2305 attule-

969 2336 1048 2364 rant
1080 2332 1121 2363 ad
1154 2333 1298 2364 metalla
1330 2330 1588 2363 damnabantur
1619 2327 1676 2369 (cs.
1707 2329 1780 2370 Dig.

967 2388 1027 2428 37,
1061 2387 1113 2419 14.
1150 2387 1195 2427 1).
1244 2387 1339 2426 Quae
1383 2391 1503 2418 autem
1549 2395 1659 2427 poena
1695 2386 1780 2425 legis

967 2444 1084 2475 Aeliae
1108 2444 1248 2475 Sentiae
1265 2444 1387 2483 fuerit,
1412 2452 1502 2484 quae
1520 2442 1778 2474 accusationem

967 2501 1094 2541 ingrati
1126 2500 1242 2532 liberti
1266 2500 1378 2539 dedit,
1403 2498 1460 2538 (cs.
1476 2498 1623 2539 Dig.‘5u‚
1648 2497 1709 2538 116,
1726 2497 1778 2529 70.

968 2557 1071 2588 Hadr.
1096 2557 1191 2589 Sent.
1216 2557 1261 2588 111
1286 2555 1321 2596 3)
1345 2556 1536 2597 ignoratur.

1010 2613 1183 2645 adversus
1215 2613 1357 2644 libere-os
1388 2612 1552 2652 ipsorum
1586 2612 1642 2642 ins
1664 2610 1779 2642 diccu-

967 2680 1060 2701 rum.
1085 2670 1280 2701 accuratius
1304 2667 1494 2700 Suetonius
1514 2676 1623 2708 quain
1643 2666 1704 2697 Dio
1721 2665 1780 2705 (50,

966 2724 1026 2766 28,
1050 2725 1087 2757 1:
1112 2722 1293 2765 στερέσθαι
1311 2727 1370 2755 τοῦ
1389 2722 1493 2765 δίκην
1509 2719 1636 2758 αὐτοὺς
1652 2719 1781 2763 ἑτέροις

966 2779 1165 2822 λαγχάνειν,
1219 2781 1413 2813 secundum
1459 2789 1565 2821 quem
1612 2778 1780 2811 Claudius

966 2838 1152 2869 advocatos
1181 2838 1322 2869 omnino
1355 2837 1523 2868 facultate
1559 2835 1644 2867 alios
1676 2845 1780 2867 aceu-

967 2894 1066 2925 sandi
1097 2894 1272 2935 privasset.
1304 2892 1527 2932 (Mommseni
1550 2892 1644 2923 enim
1669 2891 1779 2932 expli-

966 2951 1139 2982 cationem
1165 2950 1290 2981 horum
1315 2948 1498 2980 verborum
1523 2946 1618 2987 (StR.
1645 2946 1691 2979 11³
1713 2946 1778 2979 297

969 3006 994 3037 Α
1020 3006 1055 3046 1)
1080 3016 1149 3038 non
1173 3004 1389 3046 amplector).

1015 3063 1051 3094 in
1084 3063 1242 3094 insulam
1277 3061 1490 3101 Aesculapii.
1523 3060 1570 3092 sie
1603 3060 1718 3092 insula
1742 3060 1777 3091 in

968 3118 1114 3149 flumine
1143 3118 1257 3149 Tiberi
1286 3117 1353 3148 sita
1375 3117 1550 3157 appellata
1572 3120 1625 3148 est
1648 3117 1777 3157 templo

968 3174 1162 3214 Aesculapii
1195 3173 1240 3205 ibi
1272 3175 1449 3204 exstructo
1480 3171 1547 3212 (Cf.
1575 3172 1644 3204 Liv.
1670 3172 1699 3204 X
1724 3171 1775 3203 47.

969 3229 1043 3261 Per.
1064 3230 1120 3262 Xl.
1140 3230 1211 3261 Val.
1224 3229 1302 3260 Max
1318 3227 1374 3269 18,
1386 3228 1416 3260 2.
1433 3229 1518 3260 Plin.
1535 3229 1572 3260 ll.
1588 3228 1628 3260 N.
1641 3227 1695 3269 29,
1709 3227 1777 3267 72).

1014 3286 1130 3318 taedio
1160 3285 1328 3318 medendi
1360 3289 1588 3326 eoeponerene.
1621 3287 1660 3316 ut
1690 3284 1776 3315 deus

1901 413 1950 461 O.

1989 447 2064 460 ΗΠ·
