2138 3486
125 376 151 421 10

1133 254 1207 291 144

321 374 502 421 decreto
548 389 730 435 quoque
766 380 957 422 senatus
992 390 1078 421 non
1118 376 1334 437 praemiis
1369 377 1503 425 modo
1538 378 1823 440 ingentibus,
1858 376 1941 428 sed
1976 387 2021 428 et

317 455 592 517 quaestoriis
627 457 961 519 praetoriisque
997 459 1278 506 ornamentis
1314 459 1526 507 honorari
1558 461 1709 508 libens
1736 477 1903 524 passus
1926 470 2019 523 est,

376 575 455 611 Tar.
495 576 599 612 Ami.
639 575 702 612 XI
742 576 800 613 38
836 578 872 623 (a
905 575 1079 626 801148).

316 644 561 682 levissimum
591 646 749 684 fastidio
778 647 883 694 eius,
913 660 1004 685 eum
1034 660 1154 698 super
1183 649 1402 687 Pallantem
1431 654 1471 687 et
1501 649 1710 689 Callistum
1739 655 1884 700 ageret.

374 717 454 754 Tae.
485 718 588 755 Arm.
620 717 708 755 XII
733 719 790 755 53
818 719 866 767 (a.
900 718 1081 770 &05:1522).

315 787 453 825 consul
482 788 712 837 designatus
742 789 863 827 Barea
895 789 1077 828 Soranus.

368 858 472 896 Plin.
503 871 557 908 ep.
598 859 673 896 I'II
697 861 769 906 ⁴35),
801 862 837 897 2.

314 929 512 978 adnotavi)
550 936 848 969 monumentum
889 932 1080 970 Pallantis
1108 932 1162 970 ita
1191 933 1447 982 inscriptum,
1487 934 1603 981 „huie
1633 939 1794 973 senatus
1822 935 1869 972 ob
1898 934 2018 973 fidem

1138 577 1295 615 decreta
1338 577 1524 616 Narcisso
1567 581 1789 629 quaestoria
1830 580 2020 629 insignia,

1139 719 1307 758 Pallanti
1323 742 1377 747 —
1391 722 1584 770 praetoria
1612 721 1783 771 insignia
1799 745 1849 749 -—
1865 722 2020 761 censuit

894 865 955 898 est
984 861 1047 898 via
1076 861 1279 899 Tiburtina
1310 862 1411 899 intra
1437 863 1610 912 primum
1631 863 1804 912 lapidem
1824 863 2019 913 (proxime

314 1001 581 1051 pietatemque
624 1013 716 1051 erga
759 1009 943 1052 patronos
986 1008 1214 1042 ornamenta
1256 1005 1451 1053 praetoria
1494 1005 1671 1043 decrevit
1713 1010 1753 1044 et
1791 1005 2016 1044 sestertium

313 1072 463 1110 centies
492 1072 773 1122 quinquagies,
805 1073 918 1111 ‹iaeuius
949 1074 1094 1112 honore
1123 1080 1332 1113 contentus
1362 1076 1448 1113 fuit.

373 1144 431 1192 ('f.
462 1144 566 1181 Plin.
597 1157 652 1193 ep.
690 1144 786 1182 VIII
814 1146 848 1182 [ί.

314 1287 394 1308 cum
438 1286 561 1316 parum
606 1276 795 1307 defendant
836 1276 1000 1316 titulum.

313 1334 462 1374 exclusi,
498 1342 717 1373 quamquam
752 1331 823 1363 fieri
857 1337 987 1372 potest,
1022 1336 1058 1363 ut
1084 1333 1129 1363 sit

313 1390 490 1430 genuinus
507 1399 570 1420 nee
590 1389 744 1420 multum
760 1389 975 1429 corruptus.''
1000 1388 1128 1420 Statim

315 1450 388 1487 post
413 1445 600 1477 Claudium
626 1455 654 1476 a.
680 1443 802 1484 807154
827 1445 1034 1476 interfectus
1059 1450 1127 1485 est,

312 1506 415 1533 antea
457 1502 556 1533 iussu
601 1501 808 1542 Agrippinae
852 1506 991 1542 propter
1025 1502 1128 1542 poda-

1045 1287 1127 1307 eum

312 1569 409 1600 gram
435 1559 470 1589 111
496 1567 605 1598 aquas
630 1557 860 1589 Sinuessanas
884 1558 1011 1588 missus
1036 1557 1127 1597 (Tac.

312 1617 399 1647 Ann.
433 1615 495 1646 XII
519 1613 573 1645 66.
606 1613 684 1644 XIII
709 1612 738 1644 1.
766 1613 827 1644 Dio
852 1612 912 1653 60,
946 1612 1006 1654 34,
1039 1613 1059 1644 4
1089 1624 1128 1641 =

313 1672 391 1703 Zon.
424 1671 469 1702 XI
499 1670 538 1701 11
574 1681 602 1710 p.
636 1669 711 1701 473.
747 1669 877 1701 Seneca
910 1670 1045 1710 Apoeol.
1071 1668 1129 1710 13,

312 1728 359 1765 9.).
391 1728 574 1759 Praeterea
606 1727 647 1757 de
680 1736 718 1757 eo
743 1727 785 1757 cf.
810 1738 837 1757 c.
862 1724 914 1757 37.
939 1726 1016 1757 Tac.
1040 1726 1129 1758 Ann.

313 1785 368 1816 XI.
416 1784 479 1815 XII
527 1782 704 1823 (passim),
752 1783 814 1813 Dio

313 1842 408 1873 Suet.
445 1841 510 1871 Vit..
544 1840 573 1871 2.
607 1839 706 1880 Vesp.
740 1839 769 1871 4.
800 1839 931 1871 Seneca
957 1840 994 1876 Q.
1016 1839 1057 1870 N.
1084 1839 1128 1870 IV

312 1898 417 1939 praef.
442 1897 495 1928 1-5.
521 1896 658 1937 Apocol.
683 1894 744 1935 13,
769 1895 798 1926 4.
824 1895 853 1927 5.

359 1953 404 1995 [p.
418 1952 496 1993 143]
512 1953 730 1983 Pallantem.
747 1953 799 1983 hic
815 1952 881 1983 fuit
895 1952 1041 1983 libertus
1055 1952 1127 1982 An-

311 2011 426 2042 toniae
451 2010 572 2040 matris
589 2008 745 2048 Claudii,
768 2008 1001 2040 cuius-servus
1013 2008 1128 2039 adhuc

312 2076 340 2097 a.
361 2065 476 2105 784131
506 2066 591 2101 fuit,
617 2066 658 2097 cf.
684 2065 913 2105 JosepILAnt.
930 2065 1003 2096 Iud.
1018 2064 1125 2096 XVIII

311 2122 350 2154 6.
380 2121 418 2162 G,
443 2120 524 2153 132:
560 2118 734 2152 Πάλλαντι
760 2118 926 2151 ἐπιδοῦσα
952 2118 991 2152 τὰ
1016 2118 1126 2162 γράμ-

310 2189 401 2218 ματα
438 2180 485 2217 τῷ
520 2174 714 2217 πιστοτάτῳ
752 2179 820 2207 τῶν
851 2175 988 2208 (δούλων
1019 2174 1126 2218 αὗτῆς

312 2232 544 2271 ΓΑντωνίας),
570 2244 638 2274 quo
659 2244 751 2265 anno
772 2234 813 2264 ad
835 2234 1013 2265 Tiberium
1033 2244 1125 2264 nun—

311 2292 400 2322 tium
434 2294 469 2321 et
500 2290 711 2321 documenta
744 2290 785 2320 de
819 2289 935 2321 Seiani
964 2290 1125 2321 coniura-

312 2348 406 2378 tione
430 2347 631 2378 transtulit.
656 2347 805 2387 ideoque
829 2347 903 2378 sine
928 2347 1031 2378 dubio
1049 2356 1125 2378 ma-

313 2404 492 2435 numissus
510 2409 573 2434 est.
598 2402 717 2441 (vict.)
742 2403 828 2443 Epit.
844 2402 1125 2446 1V8‚et.1ulian.

312 2459 407 2491 Caes.
432 2458 497 2491 310
522 2459 547 2490 Β
572 2460 690 2491 minus
715 2464 807 2491 recte
825 2459 960 2491 Claudii
978 2460 1125 2491 libertus

312 2516 533 2554 nominatur,
571 2516 661 2556 apud
699 2516 851 2547 Plinium
887 2526 937 2556 ep.
974 2516 1050 2547 XIII
1087 2516 1123 2556 6,

311 2572 354 2603 19.
386 2572 553 2603 Claudius
585 2579 677 2603 recte.
709 2576 876 2613 patronus
909 2573 1036 2604 dicitur
1067 2574 1123 2612 (cf.

312 2628 418 2660 Gaius
452 2629 497 2659 III
530 2627 605 2669 53),
640 2629 757 2660 minus
789 2633 881 2660 recte
906 2629 1004 2661 ibid.:
1032 2631 1123 2661 ima-

311 2686 440 2725 qiuare
485 2685 669 2717 Caesarem
715 2686 832 2717 liberti
873 2687 1037 2726 precibus
1074 2688 1125 2718 vel

311 2742 428 2781 polius
466 2742 617 2781 imperio
648 2752 767 2773 eoram
794 2747 919 2774 senatu
944 2743 1124 2783 obtempe-

312 2796 479 2835 rantem).
517 2797 664 2828 Plenum
697 2808 825 2830 nomen
856 2799 887 2830 ei
919 2800 1026 2839 igitur
1058 2800 1123 2830 fuit

312 2853 355 2883 M.
383 2853 556 2884 Antonius
581 2854 759 2894 Augustae
785 2856 805 2886 l.
832 2855 964 2895 Pallas,
996 2865 1065 2896 quo
1090 2860 1125 2887 et

816 2921 844 2943 a.
888 2910 1032 2952 920l167
1068 2912 1123 2950 (ex

312 2966 474 3005 posteris.
502 2970 539 2996 ut
564 2966 720 3007 videtur,
747 2967 868 3007 huius)
891 2968 935 2999 M.
951 2968 1125 3000 Antonius

312 3022 437 3053 Pallas.
481 3022 578 3059 Quod
626 3022 810 3055 confirmat
845 3024 972 3055 titulus
1009 3024 1125 3055 liberti

313 3078 387 3108 eius
412 3077 446 3108 C.
473 3079 496 3109 l.
525 3078 556 3110 L.
582 3079 657 3110 XIV
681 3078 768 3110 2833
794 3090 832 3107 =
860 3080 952 3111 Dess.
972 3078 1123 3111 11:1538:

620 3135 664 3167 M.
708 3136 844 3167 Antoni
886 3136 1066 3167 Pallantis
1103 3137 1122 3168 Ι.

312 3190 447 3221 Nobilis
482 3191 702 3222 Aliost-«mltis
737 3192 826 3231 Any.
861 3193 953 3232 disp.
989 3203 1009 3223 (ι
1043 3192 1123 3232 frn-

311 3251 431 3277 mento
455 3247 497 3277 (le
521 3257 582 3278 suo
607 3247 704 3287 fecit.
737 3247 786 3279 Cf.
812 3258 952 3290 quoque
977 3247 1012 3280 C.
1038 3249 1062 3280 I.
1088 3248 1122 3280 L.

312 2909 329 2939 d
337 2909 407 2940 ucit
452 2919 578 2940 nomen
621 2912 773 2942 consulis

312 3134 367 3164 (Iis
409 3135 577 3165 manibus

860 1782 903 1813 60
953 1781 1113 1822 (passim)
1123 1796 1130 1811 a

1202 1277 1278 1308 XIV
1311 1277 1414 1310 2835:
1452 1279 1500 1310 Τι’.
1536 1279 1684 1311 Claudio
1716 1280 1807 1320 Any.
1835 1281 1855 1312 l.
1879 1279 2019 1313 Phoebo

1201 1333 1408 1365 Antoniano
1439 1336 1507 1367 sibi
1536 1341 1569 1367 et
1593 1336 1732 1367 libertis
1757 1337 2019 1377 libertabusqvae

1202 1389 1277 1427 (ubi
1320 1390 1449 1422 Dessau
1486 1396 1647 1423 annotat:
1693 1393 1771 1433 „hic
1804 1393 1879 1424 sine
1913 1392 2017 1424 dubio

1202 1456 1331 1477 nomen
1360 1447 1484 1479 habuit
1508 1458 1527 1479 a
1552 1448 1765 1488 Pallante”);
1799 1448 1834 1480 C.
1860 1449 1883 1480 Ι.
1910 1449 1945 1480 L.
1971 1448 2015 1480 VI

1202 1502 1329 1534 Ianos:
1356 1504 1418 1535 Dis
1443 1504 1612 1536 Manibus
1636 1505 1683 1537 M.
1702 1504 1881 1537 Antonius
1894 1505 2013 1537 Ascle-

1200 1560 1326 1599 piades
1359 1560 1539 1591 Pallantis
1561 1561 1581 1592 l.
1614 1560 1691 1600 tubi
1716 1553 1822 1593 huius
1846 1561 2014 1593 libertum

1204 1616 1391 1647 memorari
1414 1617 1637 1648 verisimilius
1661 1622 1715 1648 est.
1738 1627 1846 1658 quam
1864 1617 2018 1649 consulis

1203 1682 1232 1703 a.
1246 1670 1389 1712 0201167
1410 1676 1549 1713 propter
1568 1673 1716 1705 formam
1732 1674 1950 1714 litterarum,
1974 1673 2017 1705 cf.

1206 1728 1341 1759 Dressel
1365 1729 1417 1760 ad.
1443 1727 1480 1760 C.
1507 1729 1529 1760 1.
1545 1729 1578 1760 L.
1597 1730 1615 1760 I.
1631 1728 1678 1768 1.).
1704 1730 1753 1761 Ad
1770 1730 1864 1762 hunc
1884 1733 2018 1771 spectat

1204 1795 1346 1825 quoque
1387 1785 1525 1825 Carpus
1568 1785 1825 1818 Pallantianus
1861 1785 1895 1818 C.
1931 1786 1955 1818 Ι.
1981 1786 2016 1818 L.

1204 1841 1246 1872 VI
1279 1841 1366 1872 8470
1400 1851 1438 1868 =
1473 1842 1566 1873 Dess.
1600 1852 1632 1873 n.
1657 1841 1754 1874 1535.
1781 1843 1887 1874 Plura
1911 1843 1952 1874 de
1976 1852 2016 1874 eo

1201 1899 1291 1938 apud
1331 1899 1654 1938 Paiily—Wissowa
1687 1899 1800 1930 Reat·
1832 1898 1914 1930 Enc.
1946 1898 2015 1939 Ip.

1200 1953 1287 1985 *2634
1311 1964 1381 1995 sq.,
1408 1955 1466 1986 ubi
1490 1959 1610 1986 tamen
1632 1955 1844 1986 testimoniis
1857 1955 2015 1986 addenda

1201 2015 1282 2041 sunt
1319 2010 1413 2042 Suet.
1448 2011 1514 2042 vit.
1546 2011 1576 2041 2.
1613 2011 1687 2042 Plin
1723 2011 1761 2042 H.
1788 2011 1829 2043 N.
1853 2009 2015 2052 33,134.

1201 2068 1238 2098 Α.
1270 2066 1391 2106 815162
1425 2078 1443 2098 a
1478 2068 1614 2099 Nerone
1639 2067 1848 2099 interfectus
1871 2071 1943 2107 est,
1972 2067 2014 2099 cf.

1199 2123 1277 2155 Tac.
1303 2124 1391 2155 Ann.
1418 2124 1492 2155 XIV
1517 2124 1568 2155 65.
1596 2125 1658 2156 Dio
1682 2124 1744 2164 62,
1768 2123 1829 2165 14,
1853 2123 1884 2156 3.

1246 2179 1290 2220 [p.
1302 2179 1380 2220 143]
1395 2191 1415 2211 a
1431 2181 1645 2212 rationibus.
1659 2181 1701 2213 ef.
1717 2181 1802 2212 Plin.
1816 2191 1868 2221 ep.
1884 2180 1961 2212 VIII
1975 2179 2014 2221 6,

1200 2236 1227 2267 7.
1255 2236 1334 2268 Zon.
1358 2237 1403 2268 XI
1427 2236 1512 2277 1011.
1528 2235 1603 2268 467.
1629 2236 1703 2274 Quo
1717 2235 1828 2268 officio
1841 2246 1860 2267 a
1875 2236 2013 2267 Nerone

1199 2302 1227 2323 a.
1253 2291 1374 2332 908155
1398 2297 1555 2324 remotus
1578 2297 1631 2323 est
1654 2292 1745 2331 (Tac.
1761 2292 1850 2324 Ann.
1866 2292 2012 2324 XIII‘14:

1198 2350 1355 2380 (lemorel
1385 2348 1507 2388 (Nero)
1532 2349 1738 2381 Pallantem
1763 2359 1847 2380 cura
1872 2359 2012 2389 rerum,

1199 2407 1279 2446 qais
1300 2416 1319 2437 a
1344 2405 1493 2437 Claudio
1508 2407 1697 2446 impositus
1712 2406 1805 2437 velut
1817 2405 2014 2436 arbitrium

1199 2463 1301 2502 requi
1326 2461 1477 2501 aqebat).

1242 2519 1382 2550 (lect-elo
1405 2523 1558 2550 senalus.
1583 2522 1789 2549 ornan‘ienta
1808 2517 1902 2549 enim
1920 2527 2012 2549 sem-

1199 2586 1257 2615 per
1276 2586 1294 2606 a
1316 2579 1457 2614 senatu,
1477 2579 1617 2606 auctore
1633 2575 1796 2615 principe,
1815 2575 2012 2606 decernun-

1197 2636 1271 2671 tur,
1296 2632 1338 2662 cf.
1364 2631 1559 2662 Mommsen
1585 2630 1665 2662 StR.
1691 2629 1721 2661 Ι3
1746 2629 1810 2661 467
1835 2641 1873 2657 =
1894 2628 1924 2661 1²
1936 2629 2012 2662 450.

1198 2688 1331 2718 Plinius
1355 2686 1422 2727 (ep.
1437 2687 1513 2717 Vm
1535 2686 1570 2722 6)
1585 2686 1683 2718 nobis
1696 2696 1862 2727 magnam
1876 2690 2010 2727 partem

1197 2747 1340 2774 senatus
1379 2743 1529 2774 consulti
1565 2743 1600 2774 iu
1640 2743 1806 2774 honorem
1846 2743 2012 2774 Pallantis

1197 2800 1278 2831 facti
1302 2800 1461 2830 servavit.

1237 2857 1414 2896 praemiis
1440 2856 1653 2895 inqenlibus.
1691 2855 1842 2886 Pallanti
1865 2858 2012 2886 senatus

1196 2912 1328 2943 centies
1360 2912 1594 2953 quinquagies
1617 2912 1819 2943 sestertium
1844 2911 1926 2942 dare
1950 2921 2010 2943 vo-

1197 2967 1281 3007 luit,
1305 2977 1397 3008 quae
1421 2971 1540 2999 tamen
1566 2968 1756 3008 recusavit,
1781 2968 1822 2999 ef.
1848 2968 1935 2999 Plin.
1957 2978 2009 3008 ep.

1197 3023 1257 3054 vn
1281 3021 1341 3063 29,
1366 3022 1396 3054 1.
1421 3023 1498 3054 VIII
1522 3023 1560 3064 6,
1586 3023 1615 3055 1.
1641 3023 1671 3055 8.
1685 3024 1761 3056 Tac.
1777 3023 2009 3055 Ann.X1153.

1241 3081 1455 3119 quaestoriis
1488 3084 1521 3111 et
1552 3081 1744 3120 praetoriis
1775 3081 2008 3112 ornamentis

1197 3136 1379 3167 Narcissus
1393 3137 1602 3177 quaestoriis
1614 3136 1831 3168 ornamentis
1843 3146 1872 3167 a.
1887 3134 2009 3176 801148

1197 3197 1334 3233 propter
1370 3197 1518 3224 mortem
1555 3193 1760 3224 Messalinae
1792 3191 1884 3230 (Tac.
1917 3191 1996 3223 Anu

1196 3248 1242 3279 XI
1275 3247 1332 3287 38)
1358 3253 1504 3280 ornatus
1527 3252 1590 3280 est.
1626 3248 1740 3279 Pallas
1762 3252 1883 3279 autem
1908 3257 2008 3289 prae-
