2138 3486
65 275 114 323 O.

151 278 191 322 4.

1143 150 1193 173 oo

316 277 624 337 „flue-tuemur.
661 272 840 319 Licebit
875 278 1053 331 autem,
1089 272 1126 318 si
1165 272 1316 331 voleS,
1351 270 1580 318 Antoniae
1616 286 1796 333 quoque
1831 277 2017 319 nostrae

313 359 423 418 „des
469 358 587 404 lianc
633 361 808 419 partem
858 355 1083 417 epistulae
1129 354 1266 401 huius
1311 354 1594 415 legendain.”
1640 355 1824 401 Rursus
1858 355 2018 402 alteris

316 440 506 488 litteris:

377 522 640 583 „Tiberium
687 522 1030 569 adulescentem
1078 535 1164 582 ego
1211 535 1344 579 vero,
1391 520 1501 567 dum
1547 526 1596 567 tu
1631 520 1808 579 aberiS‚
1853 519 2016 567 cotidie

313 605 541 666 „invitabo
577 605 637 651 ad
673 620 856 664 cenam,
892 619 949 650 ne
985 603 1113 650 solus
1149 610 1279 650 cenet
1314 619 1414 650 cun]
1451 618 1534 650 suo
1565 602 1768 665 Sulpicio
1800 608 1845 650 et
1873 601 2016 650 Athe-

312 689 519 750 „nodoro
557 687 647 746 Qui
684 687 853 734 vellem
889 686 1157 748 diligentius
1193 692 1237 733 et
1270 686 1423 733 minus
1456 692 1658 743 μετεώρως
1683 685 1907 747 deligeret
1931 685 2016 732 sibi

312 771 560 833 „aliquem,
618 770 749 817 cuius
800 775 972 816 motum
1031 775 1075 816 et
1126 769 1334 816 habitum
1382 775 1426 816 et
1470 769 1702 815 incessum
1749 767 2015 815 imitaretur.

313 854 553 914 „Misellus
599 859 755 910 ἀτυχεῖ
777 868 786 877 ·

824 868 931 898 nam
971 859 1010 898 ἐν
1044 862 1124 904 τοῖς
1159 857 1409 905 σπευδοιίοις,
1444 851 1519 898 ubi
1546 866 1635 898 non
1663 850 1897 899 aberravit
1921 849 2020 898 eius

311 936 543 996 „animuS,
581 935 696 982 satis
730 944 923 997 apparet
958 942 978 988 ἡ
1012 945 1083 988 τῆς
1114 945 1255 993 ψυχῆς
1286 942 1408 982 αὐτοῦ
1441 933 1661 990 εὐγένειαι.”

376 1020 493 1067 Item
530 1019 676 1067 tertiis
711 1018 898 1066 litteris:

378 1102 643 1162 „Tiberium
728 1107 940 1163 nepotem

311 1185 566 1248 „potuisse,
635 1200 821 1247 peream
891 1184 1004 1243 nisi,

310 1344 509 1375 faciendum
542 1347 651 1383 esset,
692 1344 896 1384 praesertim
930 1353 1009 1373 rum
1044 1352 1126 1373 ron-

309 1404 519 1431 sentaneum
563 1405 652 1431 esset
694 1399 944 1431 Germanicum
981 1400 1125 1429 fratrem

309 1467 414 1488 suum
447 1457 663 1497 praefectum
699 1456 775 1487 urbi
808 1456 1015 1486 relicturum
1041 1465 1126 1485 esse.

354 1522 415 1553 eqo
435 1522 527 1544 vero.
570 1522 650 1543 vero
682 1522 784 1552 saepe
810 1512 1002 1552 pronomini
1027 1511 1126 1542 addi-

309 1572 369 1601 tur
393 1570 428 1600 in
449 1569 671 1609 responsione
696 1568 915 1600 affiri‘nativa.
935 1569 1027 1599 Livia
1046 1577 1126 1608 ergo

310 1626 351 1657 ab
370 1625 528 1666 Augusto
547 1625 685 1666 petiisse
704 1625 862 1665 ridetur,
885 1628 924 1655 ut
937 1623 1124 1655 Claudium

309 1692 344 1714 se
369 1683 514 1714 absente
539 1682 751 1713 observaret.

353 1738 525 1779 Sulpicio.
562 1739 653 1769 idem
680 1739 799 1779 procul
825 1737 947 1777 dubio,
973 1747 1078 1778 quem
1098 1748 1125 1768 c.

310 1794 347 1825 411
398 1794 473 1834 (ubi
521 1794 694 1834 Sulpicius
740 1794 867 1825 Flavus
913 1793 1125 1834 appellatur)

310 1851 499 1882 Suetonius
542 1851 649 1881 tradit
684 1850 881 1881 adiutorem
918 1849 1054 1880 Claudii
1092 1850 1125 1879 in

310 1907 567 1939 conscribendis
592 1907 746 1938 historiis
770 1907 887 1937 fuisse.

354 1963 591 1995 Athenodoro.
618 1973 746 1994 nomen
772 1963 899 1994 indicat
919 1972 1000 1993 eum
1019 1961 1126 1993 liber-

310 2020 426 2050 tinum
446 2019 569 2058 fuisse,
588 2023 695 2059 atque
715 2020 884 2059 suspicor,
904 2019 997 2050 huni·
1011 2019 1124 2058 ipsum

310 2076 499 2115 (natalium
555 2075 775 2106 restitutione
822 2076 980 2116 equitem
1029 2074 1126 2106 Rom.

309 2133 463 2172 sactum,
499 2132 541 2162 cf.
578 2131 785 2163 Hirschfeld.
822 2132 933 2163 Verw.
963 2131 1126 2162 Gesrh.l

311 2199 339 2229 p.
364 2187 430 2219 43ss
450 2188 478 2219 A
504 2187 539 2227 2)
563 2189 616 2218 vel
644 2187 755 2219 filium
782 2188 856 2219 eius
881 2186 989 2227 (malo
1007 2191 1126 2218 tamen

309 2246 461 2286 rogitare
482 2245 523 2276 de
542 2245 612 2285 ipso
631 2243 808 2282 libertino)
827 2254 901 2275 esse
920 2254 1002 2275 eum
1020 2253 1127 2284 quem

310 2302 374 2333 sub
408 2301 547 2332 Nerone
571 2299 663 2341 (post
687 2311 715 2332 a.
741 2299 877 2341 Stolos)
910 2301 1126 2341 praefectum

310 2367 470 2388 annonae
513 2357 620 2388 fuisse
664 2357 794 2387 indicat
836 2357 1012 2397 inscriptio
1050 2357 1126 2387 urb.

311 2413 346 2445 C.
373 2414 395 2445 1.
421 2413 456 2444 L.
486 2413 525 2444 VI
544 2412 630 2444 8470
646 2423 684 2440 =
701 2413 794 2444 Dess.
813 2423 845 2444 n.
864 2411 968 2443 4535:
990 2412 1127 2453 Carpus

309 2470 400 2510 Azcss.
437 2470 494 2500 lib.
531 2469 788 2500 Pallsmlianus
823 2469 968 2500 adiutor
1001 2468 1126 2500 Claudi

310 2526 532 2557 Athenodori
558 2525 677 2565 praef.
703 2534 870 2556 annonae
895 2524 979 2564 fecit
1002 2525 1070 2555 sibi
1094 2528 1129 2555 et

314 2583 483 2613 Claudiae
521 2582 602 2613 Cale
639 2583 757 2622 roiuyi
791 2582 983 2621 piissimae
1015 2585 1049 2612 et
1078 2580 1126 2612 Ti.

313 2638 461 2669 Claudio
474 2638 764 2675 Quir.Antonino
778 2638 852 2678 filio
865 2642 898 2669 et
913 2637 963 2668 Ti.
977 2636 1128 2668 Claudio

312 2695 473 2726 Romano
496 2704 625 2726 vernae
649 2699 682 2726 et
708 2695 845 2725 libertis
871 2694 1127 2733 libermb.p0s-

314 2752 470 2791 terisque
516 2760 585 2782 eor.
646 2750 696 2781 Ad
737 2751 889 2781 eundem
931 2750 1127 2781 Hirschfeld

312 2807 508 2847 suspicatus
541 2811 591 2837 est
626 2807 799 2847 pertinere
829 2807 975 2837 titulum
999 2806 1127 2836 Puteo-

313 2864 433 2894 lanum
471 2863 555 2903 Eph.
592 2863 704 2903 Epigr.
730 2862 750 2893 8
775 2873 808 2894 n.
832 2861 915 2893 396:
945 2862 993 2893 Ti.
1021 2861 1127 2892 Clau-

312 2919 393 2950 dius
424 2918 646 2950 Atheuoclori
683 2919 829 2949 libertus
861 2918 1032 2958 quinus
1057 2917 1126 2948 sibi

312 2979 345 3006 et
368 2975 532 3015 Nymplzi
558 2976 704 3015 conium*
730 2985 823 3006 suae.

358 3032 419 3071 qui
444 3032 569 3062 vellem
593 3048 636 3052 ——
660 3028 823 3071 εὐγένεια.
872 3031 966 3062 locus
992 3040 1011 3061 a
1036 3031 1127 3071 prio-

314 3087 411 3118 ribus
451 3087 702 3127 interpretibus
738 3088 831 3118 varie
866 3087 1058 3127 explicatus
1093 3092 1128 3118 et

313 3144 522 3175 emendatus
548 3148 639 3174 rei-te
666 3144 808 3174 demum
827 3144 987 3185 explicari
1016 3144 1125 3184 potuit

1021 1106 1148 1148 tuum

1071 1199 1174 1231 mea
1244 1183 1404 1243 Livia,

1680 1100 2017 1147 declamantem

1756 1183 1877 1230 Nam
1939 1183 2016 1245 qui

1227 1101 1411 1163 plaeere
1490 1100 1599 1146 mihi

1474 1183 1687 1231 admiror.

1200 1344 1386 1381 postquam
1422 1340 1571 1373 Rothius
1603 1351 1621 1371 e
1646 1340 1718 1372 cod.
1746 1340 1958 1371 Memmiano
1983 1343 2020 1371 et

1201 1398 1356 1428 Parisino
1388 1396 1475 1427 6116
1499 1398 1610 1428 dedit:
1645 1407 1731 1428 nam
1755 1394 1791 1427 ἐν
1815 1399 1885 1431 τοῖς
1910 1406 2017 1427 σπου-

1200 1451 1309 1487 δαίοις
1336 1463 1393 1493 pro
1419 1454 1563 1494 vulgata.
1587 1454 1752 1485 lectione:
1779 1450 1914 1494 Ἀτυχεῖ
1925 1449 2016 1484 πάνυ

1199 1506 1234 1539 ἐν
1259 1512 1328 1543 τοῖς
1352 1507 1556 1544 σπουὸαίοις
1580 1508 1667 1541 λίαν.

1244 1566 1306 1606 qui
1330 1566 1351 1596 i.
1367 1576 1395 1597 e.
1421 1565 1598 1598 Claudius.
1625 1567 1716 1598 Male
1732 1567 1795 1598 hoc
1810 1563 2017 1597 rocabuluin

1201 1621 1604 1662 Baumgarten-Crusius
1651 1623 1852 1663 explicavit,
1901 1622 2019 1654 dicens

1200 1680 1263 1719 qui
1300 1679 1391 1709 idem
1425 1688 1499 1710 esse
1531 1679 1624 1720 quod
1658 1689 1790 1720 quam;
1827 1680 1892 1720 qui
1923 1679 2017 1710 enim

1199 1745 1337 1776 semper
1361 1738 1415 1766 est
1438 1745 1507 1775 quo
1528 1736 1651 1775 modo,
1677 1745 1876 1776 numquam
1895 1745 2017 1776 quam.

1199 1792 1328 1823 Alii-ut
1375 1792 1548 1832 Bremius,
1598 1802 1656 1832 per
1701 1792 1910 1823 vocabulum
1953 1793 2016 1832 qui

1199 1847 1386 1888 significari
1451 1848 1717 1879 Athenodorum

1201 1906 1271 1945 vel,
1308 1908 1345 1935 ut
1384 1904 1565 1935 Ernestius
1600 1904 1677 1945 (qui
1714 1905 1805 1936 hanc
1848 1904 1890 1936 ob
1934 1914 2018 1935 cau-

1199 1971 1273 1991 sam
1298 1962 1497 2000 cleliqerent
1528 1961 1717 2000 legendum
1745 1970 1820 1992 esse
1850 1960 2019 2000 censuit),

1200 2018 1465 2048 Athenodorum
1491 2021 1525 2047 et
1544 2016 1754 2057 Sulpicium,
1780 2016 1885 2047 simul
1907 2016 2018 2047 Athe-

1200 2074 1370 2105 nodorum
1398 2073 1635 2114 paedagogum
1656 2073 1776 2111 illum,
1802 2073 1904 2104 cuius
1922 2082 2018 2103 men-

1379 2140 1484 2170 supra
1529 2129 1719 2160 Suetonius
1763 2129 1863 2169 fecit,
1910 2129 2018 2160 fuisse

1496 2186 1596 2226 quasi
1655 2186 1878 2226 paedagogus
1934 2185 2018 2217 olim

1200 2243 1541 2283 superiumentarius
1564 2243 1710 2273 idoneus
1728 2242 1853 2273 fuisset
1871 2241 1913 2273 ad
1931 2242 2018 2273 deli-

1200 2299 1355 2339 gendum
1388 2309 1492 2339 eum,
1524 2299 1624 2330 cuius
1648 2299 1826 2329 incessum
1851 2297 2019 2329 Claudius

1785 1852 2018 1889 putaverunt,

1200 2131 1331 2161 tionem

1199 2187 1429 2225 conicientes,

1200 2355 1410 2386 imitaretur.
1445 2354 1532 2385 Cum
1567 2354 1608 2385 iis
1632 2364 1723 2395 quae
1747 2354 1929 2395 Augustus
1954 2355 2018 2386 hoe

1200 2413 1273 2442 loco
1292 2412 1333 2442 de
1353 2410 1499 2442 Claudio
1516 2411 1619 2451 dixit,
1643 2411 1782 2451 egregie
1801 2411 2018 2452 conspirant,

1200 2478 1291 2508 quae
1323 2467 1514 2499 Suetonius
1541 2477 1567 2498 c.
1593 2466 1635 2497 39
1660 2467 1821 2498 tradidit:
1856 2467 2018 2499 homines

1201 2525 1240 2555 in
1263 2534 1302 2555 eo
1325 2524 1452 2554 mirati
1477 2528 1561 2555 sunt
1576 2528 1609 2555 et
1622 2524 1835 2556 oblivionem
1848 2528 1881 2556 et
1893 2525 2015 2556 incon-

1201 2580 1457 2620 siderantiam,
1483 2581 1535 2611 vel
1559 2585 1598 2611 ut
1615 2590 1740 2621 qraece
1754 2581 2016 2620 dicamus-:tew-

1200 2634 1278 2677 ρίαν
1302 2641 1335 2668 εἰ,
1358 2633 1544 2677 ἀβλεψιάν.

1246 2693 1430 2723 incessum.
1480 2692 1627 2724 Romani
1661 2703 1882 2734 summopere
1914 2703 2016 2724 cura-

1200 2749 1283 2780 bant
1310 2754 1347 2779 ut
1374 2750 1472 2789 pueri
1488 2749 1619 2780 bonum
1639 2749 1815 2780 incessum
1835 2748 2016 2789 haberent,

1201 2806 1300 2836 cuius
1332 2806 1381 2836 rei
1414 2815 1498 2836 cura
1522 2805 1694 2845 imprimis
1720 2805 1925 2846 paedagogis
1949 2805 2016 2836 im-

1201 2862 1313 2902 posita
1335 2865 1410 2893 erat
1435 2860 1492 2899 (cf.
1519 2860 1599 2892 Sen.
1623 2870 1674 2901 ep.
1699 2859 1759 2901 94,
1784 2859 1823 2901 8,
1847 2859 1893 2899 9).

1246 2917 1294 2948 De
1327 2917 1463 2948 Claudii
1496 2917 1641 2948 ridiculo
1673 2917 1809 2948 incessu
1836 2916 1878 2947 cf.
1908 2926 1935 2948 e.
1962 2915 2015 2948 30.

1244 2971 1280 3004 εἰ·
1316 2976 1384 3008 τοῖς
1417 2971 1630 3008 σπουδαίοις.
1675 2973 1762 3004 haee
1792 2972 1897 3004 verba
1925 2974 2016 3004 male

1201 3030 1362 3061 Bremius
1397 3031 1597 3071 explicavit:
1635 3030 1727 3060 inter
1761 3029 1852 3060 viros
1888 3029 2015 3060 doctos.

1200 3087 1260 3118 Est
1295 3087 1406 3118 enim:
1443 3087 1478 3117 in
1515 3086 1618 3118 rebus
1654 3085 1870 3128 gravioribus
1904 3084 2014 3126 (opp.:

1201 3139 1239 3173 τὰ
1265 3140 1410 3183 φαῦλα).
