2138 3486
27 372 77 420 O.

114 372 186 419 24.

1124 246 1199 286 114

378 367 699 433 Triumphalia
750 375 1019 418 ornamenta
1070 370 1251 429 Silano,
1314 370 1436 418 filiae
1488 383 1601 418 suae
1653 383 1845 433 sponso,
1901 383 2008 419 nona

311 453 417 500 dum
466 452 625 515 puberi
674 452 822 512 dedit,
870 452 1119 499 maioribus
1167 468 1275 500 vero
1323 459 1435 500 natu
1480 459 1574 499 tam
1622 453 1778 501 multis
1823 460 2010 516 tamque

309 535 467 595 facile,
549 541 597 582 ut
667 534 867 597 epistula
935 535 1160 582 communi
1231 535 1463 597 legionum
1533 535 1716 584 nomine
1785 537 2010 584 exstiterit

366 660 448 698 Tac.
482 662 583 698 Arm.
614 660 702 697 XII
727 662 764 698 δ’.
822 661 889 710 qui
927 661 1102 710 (Caesar)
1131 683 1183 688 —-
1211 661 1394 700 iuvenem
1433 661 1641 711 (Silanum)
1679 667 1717 700 et
1753 661 1829 699 alia
1858 661 2009 699 clarum

308 731 462 780 insigno
491 731 789 781 triumphalium
820 755 870 759 —
899 732 1117 782 protulerat
1144 732 1194 770 ad
1223 733 1352 770 studia
1382 733 1503 781 vulgi.

360 803 440 841 Dio
471 805 543 851 60,
576 804 645 851 31,
678 805 709 841 ῖ.

308 873 508 915 Κλαυδίου
541 873 660 920 οὕτως
692 875 861 924 ἐτιμέιτο
895 873 995 916 ὥστε
1028 874 1096 916 καὶ
1129 875 1341 921 ἐπινικίους
1374 874 1498 925 τιμας
1531 876 1569 915 ἐν
1605 873 1719 915 παισὶ
1752 873 1911 923 λαβεῖν.

360 945 440 983 Dio
472 947 545 993 60,
578 946 655 993 23,
686 946 723 983 2.

309 1016 341 1057 οἱ
387 1016 463 1063 τοὶς
510 1015 721 1062 ἐπινικίους
763 1015 915 1066 τιμας,
960 1017 1037 1068 οὐχ
1080 1013 1137 1057 ὅτι
1180 1021 1260 1063 τοῖς
1303 1017 1592 1064 ὑπατευκόσιν,
1636 1014 1730 1068 ὅπερ
1774 1016 1842 1057 καὶ
1876 1015 2013 1061 ἄλλως

766 800 823 844 ὅτι
867 803 882 844 o‘
930 804 1103 849 Σιλανὸς
1136 804 1232 856 ἀνὴρ
1266 802 1432 853 ἀγαθὸς
1465 802 1690 857 ἐνομίζετο,
1733 803 1801 844 καὶ
1833 802 1909 843 ὑπὸ
1942 806 2010 843 τοῦ

782 943 911 995 ἔνειμε
955 946 997 986 δὲ
1040 951 1122 992 τοῖς
1165 946 1238 996 μὲν
1272 946 1515 997 βουλευταῖς
1548 950 1626 992 τοῖς
1658 943 2010 999 συνεξετασθεῖσίν

309 1086 596 1141 ἀφθονώτατα
631 1087 700 1128 καὶ
733 1087 801 1128 ἐπὶ
835 1091 914 1134 τοῖς
945 1087 1184 1139 ἐλαχίστοις
1217 1087 1338 1129 ἐποίει
1372 1104 1408 1129 κ.
1443 1104 1478 1129 τ.
1514 1098 1552 1131 λ.

366 1159 448 1197 Tae.
479 1160 584 1197 Αηη.
616 1160 680 1197 XI
710 1161 775 1197 20.
832 1159 916 1197 Nec
958 1159 1082 1197 multo
1120 1164 1208 1209 post
1249 1159 1409 1197 Curtius
1446 1161 1575 1198 Rufus
1615 1159 1786 1199 eundem
1825 1159 2011 1196 honorem

309 1229 623 1279 (triumphalium
653 1230 988 1278 ornamentorum)
1016 1230 1271 1280 adipiscitur,
1301 1231 1369 1280 qui
1398 1231 1439 1268 in
1467 1244 1560 1280 agro
1591 1231 1775 1269 Mattiaco
1795 1229 2013 1267 recluserat

310 1313 452 1351 specus
483 1301 719 1351 quaerendis
748 1301 861 1339 venis
890 1301 1064 1350 argenti3
1095 1301 1200 1339 unde
1229 1302 1361 1340 tenuis
1390 1302 1543 1340 fructus
1572 1314 1645 1340 nec
1672 1302 1713 1339 in
1733 1301 1895 1350 longum
1915 1300 2011 1345 fuit,

309 1375 349 1410 at
376 1372 598 1421 legionibus
627 1384 717 1410 cum
747 1372 889 1410 damno
918 1372 1046 1419 labor,
1077 1372 1249 1410 effodere
1279 1372 1404 1420 rivos,
1434 1385 1614 1422 quaeque
1643 1372 1683 1410 in
1703 1376 1838 1422 aperto
1857 1371 2013 1421 gravia,

308 1444 473 1481 humum
510 1443 611 1480 infra
648 1442 789 1480 moliri.
833 1441 930 1490 Quis
970 1443 1157 1481 subactus
1195 1443 1309 1481 miles
1338 1447 1378 1481 et
1407 1443 1499 1493 quia
1527 1443 1663 1493 plures
1692 1455 1763 1493 per
1791 1442 2014 1492 provincias

310 1514 453 1553 similia
491 1515 778 1562 tolerabantur,
816 1514 1015 1564 componit
1045 1515 1219 1552 occultas
1248 1515 1402 1553 litteras
1430 1514 1587 1553 nomine
1617 1514 1886 1561 exercituum,
1925 1525 2014 1563 pre-

307 1585 480 1624 cantium
521 1585 820 1635 imperatorem,
862 1589 925 1633 ut,
968 1585 1113 1634 quibus
1157 1585 1424 1635 permissurus
1465 1589 1571 1624 esset
1610 1585 1832 1633 exercitus,
1875 1585 2012 1622 trium-

307 1657 440 1707 phalia
467 1661 558 1695 ante
586 1656 788 1695 tribueret.

308 1777 459 1817 Augusti
482 1781 518 1808 et
541 1776 706 1817 Neronis,
731 1776 789 1816 (cf.
814 1776 891 1808 Tac.
917 1777 937 1807 l.
960 1775 1014 1817 l.),
1039 1786 1121 1808 nam

308 1834 369 1865 illa
403 1837 519 1865 aetate
555 1834 663 1865 etiam
698 1834 779 1865 viris
812 1834 905 1864 inter
934 1834 1124 1874 praetorios

309 1892 443 1923 allectis
475 1891 732 1932 praefecturam
769 1891 865 1922 illam
899 1891 1017 1922 datam
1050 1900 1124 1922 esse

310 1948 410 1979 docet
433 1948 635 1988 exemplum
660 1946 806 1978 Cornuti
830 1947 997 1987 Tertulli,
1023 1947 1124 1978 amici

310 2003 430 2044 Plinii,
475 2004 515 2035 cf.
549 2002 583 2035 C.
618 2003 641 2035 I.
676 2003 711 2034 L.
742 2003 818 2034 XIV
850 2002 938 2034 2925
965 2014 1002 2030 =
1030 2004 1124 2034 Dess.

310 2070 342 2091 n.
368 2059 473 2091 1024:
497 2077 540 2080 —
561 2059 746 2100 praefecto
767 2061 889 2091 aerari
907 2058 1123 2099 S‹‘1[tu]r[nI]

312 2118 426 2156 leqato
443 2126 508 2156 pro
524 2114 939 2156 praetoreprotundum]
957 2115 1080 2147 Creme
1094 2120 1126 2147 et

314 2172 540 2212 Cyrenarum
575 2170 774 2212 u[dl]e[cto]
810 2173 1126 2212 inem-praetorios

310 2239 330 2260 a
356 2229 450 2260 divis
478 2227 734 2269 Veshmsiano]
761 2232 794 2259 et
822 2227 898 2259 Tito
923 2228 1126 2259 censoribus

310 2285 422 2316 aedili
448 2283 616 2324 Cep-eali]
643 2301 694 2316 -—.

355 2341 489 2373 Silano.
515 2341 557 2372 de
582 2341 646 2372 hoc
670 2340 712 2372 cf.
737 2350 764 2371 c.
789 2338 841 2371 29.

357 2398 639 2438 filiae—sponso.
664 2398 706 2429 cf.
731 2397 773 2428 ad
799 2407 825 2428 c.
850 2395 904 2427 12.

356 2455 515 2485 nondum
541 2454 679 2494 puberi.
716 2453 810 2484 idem
834 2453 942 2484 tradit
967 2452 1028 2483 Dio
1052 2444 1127 2492 (60,

311 2508 369 2550 31,
395 2509 447 2549 7):
472 2507 508 2540 ἐν
530 2507 637 2540 παισί.
664 2509 823 2550 Uterque
845 2512 962 2540 tamen
984 2509 1127 2549 scriptor

311 2576 408 2607 „rem
452 2576 512 2607 per
554 2576 589 2597 se
633 2566 857 2597 inhonestam
901 2574 1128 2606 exaggerasse

314 2622 471 2654 videtur''
496 2622 705 2662 (Mommsen
732 2622 815 2662 Eph.
843 2621 955 2662 Epigr.
982 2621 994 2651 Ι
1016 2631 1045 2661 p.
1059 2620 1127 2659 432).

313 2680 361 2710 Ex
393 2679 496 2710 titulo
527 2679 620 2709 enim
652 2677 850 2709 Tusculano
881 2676 916 2707 C.
942 2677 965 2707 I.
992 2677 1026 2707 L.
1051 2677 1127 2707 XIV

312 2735 400 2767 ‘2500
425 2746 464 2763 =
490 2736 583 2766 Dess.
610 2745 641 2766 n.
667 2733 731 2765 957
758 2734 879 2775 (quem
905 2734 947 2764 ad
967 2738 1126 2765 nostrum

313 2793 487 2833 pertinere
523 2792 641 2824 docuit
673 2792 868 2823 Mommsen
894 2792 914 2822 l.
949 2791 969 2821 l.
995 2800 1026 2830 p.
1051 2789 1128 2830 63);

316 2847 366 2888 [L.
399 2849 526 2881 Iunius
558 2847 620 2888 M]
655 2849 680 2888 f.
713 2848 759 2879 M.
793 2859 827 2880 η’.
857 2845 1020 2887 Silanu[s
1050 2847 1130 2878 Tor-

314 2909 444 2945 quatus
478 2905 670 2936 honoratus
702 2903 803 2944 αη]η.
834 2904 957 2934 XVIII
982 2902 1127 2943 [trium-

311 2961 446 3000 plzstlib.
482 2970 621 2992 ornam.
659 2971 690 3001 q.
724 2971 781 3000 pr.
817 2959 929 2999 intejr
962 2960 1046 2990 civis
1081 2958 1129 2999 e[t

312 3018 521 3058 peregrinos
562 3027 671 3057 qenet·
710 3017 759 3048 Ti.
795 3017 921 3047 Claudi
949 3014 1129 3055 Quemvis

313 3072 499 3114 AuqusUi]
554 3076 651 3114 patet
709 3073 869 3104 Silanum
915 3073 1130 3103 ornamentis

313 3130 586 3170 triumphalibus
620 3130 788 3161 donatum
816 3139 890 3161 esse
917 3139 1008 3160 anno
1032 3132 1129 3160 aeta-

313 3187 358 3218 tis
392 3186 669 3217 duodevicesimo
707 3185 917 3225 (Mommsen
943 3187 963 3216 l.
989 3186 1010 3217 l.
1036 3185 1127 3216 XVII

314 3243 430 3283 legere
454 3242 579 3274 maluit
606 3246 744 3282 propter
768 3242 976 3273 Suetonium
996 3246 1029 3272 et
1049 3242 1128 3273 Dio-

1196 1788 1276 1810 nem
1289 1803 1296 1819 ,
1321 1780 1380 1810 sed
1394 1779 1502 1810 XVIII
1523 1788 1644 1811 omnes
1657 1781 1818 1810 auctores
1831 1775 2012 1816 tuentur),

1197 1845 1268 1876 qua
1281 1840 1395 1867 aetate
1408 1836 1460 1867 his
1470 1837 1595 1867 saltem
1606 1834 1823 1875 temporibus
1834 1833 1933 1875 pueri
1945 1832 2013 1864 Ro-

1199 1892 1294 1923 mani
1318 1892 1387 1923 iam
1414 1892 1471 1923 diu
1492 1895 1610 1932 togam
1626 1891 1759 1922 virilem
1776 1893 2010 1930 sumpserant.

1242 1948 1460 1980 Ornamenta
1490 1948 1621 1988 accepit
1654 1948 1728 1979 sine
1757 1946 1862 1978 dubio
1887 1946 1922 1977 in
1947 1946 2012 1977 tri-

1199 2006 1330 2046 umpho
1354 2006 1554 2037 Britannico
1578 2004 1622 2043 (a.
1638 2002 1785 2043 797s44),
1810 2013 1889 2035 cum
1911 2003 2014 2034 Pom-

1199 2064 1296 2104 peius
1338 2066 1373 2094 et
1412 2062 1553 2093 Silanus
1584 2070 1740 2092 socerum
1766 2059 1954 2091 Claudium
1978 2059 2014 2090 in

1200 2119 1415 2151 Britanniam
1449 2118 1624 2156 (omitati,
1658 2117 1825 2147 nuntium
1850 2115 2013 2147 victoriae

1199 2176 1343 2207 Romam
1389 2177 1626 2215 reportassent
1660 2173 1738 2211 (Dio
1774 2171 1833 2212 60,
1869 2170 1922 2212 21,
1960 2171 2015 2211 5),

1199 2232 1302 2263 verba
1332 2232 1426 2263 enim
1459 2231 1577 2262 Dionis
1609 2228 1684 2269 (60,
1717 2228 1755 2268 5,
1787 2227 1822 2266 8)
1846 2232 1882 2259 et
1905 2227 2015 2268 ipsius

1199 2288 1357 2320 Suetonii
1381 2294 1423 2321 (c.
1448 2286 1507 2320 12>
1531 2289 1652 2318 vetant
1677 2295 1719 2316 ne
1744 2287 1951 2316 ornamenta
1977 2284 2012 2315 in

1199 2344 1381 2385 sponsaliis
1405 2344 1487 2375 data
1511 2352 1585 2374 esse
1610 2346 1786 2382 putemus.

1243 2401 1353 2432 dedit.
1378 2401 1420 2432 cf.
1446 2401 1486 2432 ad
1513 2412 1539 2432 e.
1566 2401 1581 2433 1
1607 2398 1777 2438 percepit.

1246 2456 1318 2483 tam
1350 2453 1482 2483 multis.
1519 2463 1588 2484 non
1613 2455 1727 2485 solum
1752 2455 2013 2496 consularibus,

1201 2512 1240 2539 ut
1276 2518 1350 2539 mos
1385 2512 1477 2549 erat,
1513 2510 1571 2540 sed
1607 2511 1714 2542 etiam
1749 2511 1845 2552 aliis,
1885 2511 1927 2542 cs.
1953 2511 2016 2542 Dio

1199 2563 1259 2605 60,
1291 2564 1352 2605 20,
1381 2564 1419 2595 4:
1449 2563 1538 2595 ὥστε
1563 2564 1701 2603 (Γναῖος
1719 2564 1870 2602 “Οσίδιος
1894 2564 2016 2602 Γέτας)

1200 2617 1259 2651 καὶ
1284 2617 1382 2661 τιμὰς
1406 2619 1613 2659 ἐπινικίους,
1645 2621 1772 2663 καίπερ
1787 2620 1852 2664 οὐχ
1869 2621 2015 2655 ὑπατευ-

1200 2674 1294 2715 κώς,
1325 2675 1453 2718 λαβεῖν.
1488 2678 1708 2710 Praefectum
1742 2680 1917 2720 praetorio
1942 2680 2014 2711 Ru-

1201 2734 1306 2765 frium
1332 2734 1523 2765 Pollionem
1546 2735 1653 2766 etiam
1673 2739 1793 2767 statua
1810 2736 2017 2777 triumphali

1202 2790 1385 2822 honoravit
1415 2791 1493 2829 (Dio
1525 2790 1586 2832 60,
1618 2790 1679 2832 ²23,
1711 2791 1757 2831 ⁶2).
1794 2791 1885 2830 Quid
1909 2791 2015 2823 Clau-

1201 2847 1280 2878 dius
1314 2847 1466 2878 effecerit
1500 2846 1597 2884 (nam
1630 2848 1757 2880 similia
1781 2858 1872 2890 quae
1897 2838 2040 2880 narrat·

1201 2904 1297 2935 Suet.
1330 2903 1410 2935 Ner.
1445 2903 1488 2934 ‘15
1524 2905 1577 2935 vix
1620 2905 1730 2945 primo
1774 2904 2017 2946 quinquennio

1202 2960 1348 2991 Neronis
1394 2961 1486 2991 faeta
1533 2960 1631 2999 sunt)
1672 2961 1780 2992 tradit
1815 2961 1894 2992 Tac.
1926 2961 2014 2992 Anu.

1202 3016 1280 3046 XIII
1324 3015 1366 3046 53
1407 3015 1451 3054 (a.
1493 3015 1647 3057 8111s58):
1694 3017 1839 3055 Quietae
1888 3018 1935 3048 ad
1981 3017 2016 3048 id

1204 3077 1342 3112 tempus
1379 3082 1433 3103 res
1468 3074 1505 3104 in
1537 3073 1736 3104 Germania
1768 3072 1930 3112 fuerant,
1957 3073 2015 3104 in-

1201 3130 1307 3169 qenio
1332 3130 1480 3171 dueum,
1507 3130 1569 3169 qui
1593 3129 1816 3169 perum-qaus
1839 3129 2015 3168 triumphi

1203 3185 1404 3225 insiynibus
1428 3186 1548 3216 maius
1572 3194 1616 3216 est.-
1639 3194 1676 3215 eo
1688 3184 1792 3215 decus
1805 3184 2016 3224 sperabant,

1202 3242 1231 3271 si
1255 3251 1380 3281 pacem
1405 3241 1718 3272 continuavissent.
